3478 5490
395 733 516 810 λείψανα
538 739 591 791 τῶν
616 732 728 808 ἀγαθῶν

402 838 506 916 ἀνδρῶν
529 837 679 916 ἀφαιρεῖται
700 838 807 916 χρόνος.

1329 917 1362 966 (Ε.
1372 915 1474 956 Androm.
1485 917 1522 956 ’ίθθ
1527 914 1576 963 sqq.)

398 993 508 1054 Οἰκεῖον
532 994 616 1064 οθτως
638 993 715 1052 οὐδέν
739 993 818 1070 ἐστιν,
841 988 864 1049 ὦ
887 993 995 1069 Λάχες,

402 1099 450 1157 ἐὰν
472 1103 559 1179 σκοπῇ
581 1119 630 1172 τις,
655 1098 694 1169 ὡς
717 1097 783 1175 ἀνήρ
805 1117 835 1155 τε
858 1094 903 1154 καὶ
926 1098 1004 1174 γυνή.

1304 1177 1370 1227 (δίου.
1387 1176 1463 1216 incon.
1480 1173 1511 1214 cl.
1525 1175 1575 1223 m>

767 1283 911 1366 Fatum,
935 1284 1007 1348 Sors
1031 1281 1083 1366 (cf.
1107 1279 1218 1366 Mors).

399 1428 510 1488 Ἀλλόῖ
533 1427 653 1508 μοιριδία
675 1447 713 1497 τις
737 1427 841 1496 δόνασις
865 1425 954 1484 δεινά·

400 1533 454 1593 οὔτ’
467 1535 499 1592 ἄν
521 1553 560 1592 νιν
582 1532 678 1610 ὄλβος,
702 1530 755 1592 οὔτ’
768 1531 859 1610 Ἄρης,

400 1638 430 1696 οὺ
452 1639 563 1718 πύργος,
587 1639 637 1714 οθγ,
659 1635 801 1695 ἁλίκτυποι

403 1740 529 1800 κελαιναὶ
551 1747 615 1810 νᾶες
639 1741 787 1819 ἐκφύγοιεν.

1310 1819 1342 1870 (S.
1356 1819 1472 1872 Antigone,
1485 1821 1521 1860 951
1528 1819 1578 1868 sqq.)

401 1893 497 1980 <Ἀλλ’
515 1893 676 1979 ἐξυφηγοΰ·>
698 1897 781 1974 γνῶθι
804 1895 828 1954 δ’
841 1897 880 1967 ὡς
903 1895 976 1972 ἔχων
1001 1895 1069 1972 ἔχει,

404 1999 451 2061 καί
473 1993 586 2060 σἐῖλεν
608 2001 626 2074 ἡ
648 2001 727 2077 τθχη.
1316 2081 1340 2130 ,Β
1363 2081 1406 2122 0,,
1430 2081 1466 2122 col
1489 2081 1578 2128 lm)

402 2177 466 2247 Δίος
488 2175 583 2254 ἵμερος
605 2175 654 2234 οθκ
676 2172 823 2253 εθθήρατος
846 2173 956 2250 ἐτύχθη,

403 2281 491 2338 πάντα
512 2299 553 2338 τοι
576 2279 705 2356 φλεγέθει
728 2277 778 2336 κάν

404 2385 503 2461 σκότῳ,
528 2379 648 2462 μελαίνᾳ
670 2379 715 2453 ὃν
738 2383 807 2462 ιόχφι

404 2489 550 2565 μερόπεσσι
571 2485 661 2556 λαοῖς,

402 2591 491 2650 πίπτει
514 2590 539 2649 δ’
552 2590 675 2669 ἀσφαλὲς
698 2589 753 2648 οὐδ’
766 2586 810 2647 ἐπὶ
835 2591 922 2668 νώτῳ,

403 2695 506 2776 κορυφᾷ
528 2695 592 2765 Δῖος
615 2693 639 2752 εἰ
661 2695 764 2773 κρανθῇ
785 2698 899 2772 πρᾶγμα
922 2693 1037 2752 τέλειον.

406 2797 502 2859 δαυλοὶ
525 2798 579 2878 γὰρ
600 2797 740 2876 πραπίδων
764 2797 817 2856 δά-

405 2902 475 2962 σκιοί
496 2923 526 2961 τε
549 2903 675 2961 τείνουσιν
698 2903 785 2980 πόροι,

403 3005 522 3066 κατιδεῖν
547 3007 683 3087 ἄφραστοι.

410 3229 415 3242 .
442 3225 449 3239 .
475 3225 481 3238 .
506 3180 563 3259 ἐγὼ
587 3179 611 3238 δ’
625 3181 673 3238 οθκ
695 3178 778 3247 αἴτιός
801 3176 865 3255 εἰμι,

406 3284 484 3344 ἀλλὰ
505 3283 574 3355 Ζεθς
596 3281 642 3342 καὶ
662 3283 764 3361 Μοῖρα.

1323 3365 1395 3415 (Hom.
1411 3365 1438 3406 11.
1453 3365 1505 3410 nx.
1519 3364 1582 3412 δῦσα.)

405 3449 501 3527 Κῆρες
522 3445 575 3528 γὰρ
600 3449 667 3527 ἄγον
690 3448 812 3522 μέλανος
834 3449 968 3506 θανάτοιο.

1366 3530 1439 3580 (Hom.
1454 3531 1480 3572 n.
1495 3529 1522 3576 Π,
1534 3528 1582 3576 ὅθι)

406 3623 498 3700 Μοῖρα
522 3621 553 3680 δέ
575 3641 614 3679 τοι
637 3622 753 3696 θνητοῖσι
775 3622 860 3679 κακόν
884 3622 957 3700 φέρει
980 3619 1030 3696 ἠδὲ
1052 3619 1098 3679 καὶ
1123 3621 1231 3680 ἐσθλόν.

1403 3704 1485 3754 (solon,
1500 3703 1532 3749 lv,
1544 3701 1581 3748 ει.)

408 3786 537 3865 Μοίραισι
560 3785 718 3845 δ’ὰναλθὲα
740 3788 869 3866 φάρμακα
892 3789 989 3846 πάντα.

1262 3868 1331 3920 (Bion,
1346 3869 1405 3910 Stob.
1421 3869 1466 3910 Ecl.
1481 3867 1581 3918 Ι,ῖ1,7-)

407 3951 512 4029 Μοῖραν
536 3949 560 4009 δ’
575 3949 662 4009 οὔτινά
684 3971 751 4028 φημι
773 3952 943 4028 πεφυγμένον
967 3951 1082 4025 ἔμμεναι
1106 3949 1220 4030 ἀνδρῶν,

408 4054 438 4114 οθ
459 4055 554 4134 κακόν,
580 4055 642 4114 σὐδὲ
666 4055 716 4128 μὲν
741 4055 849 4135 ἐσθλόν,
874 4055 940 4129 ἐπὴν
963 4055 996 4113 τὰ
1018 4061 1111 4132 πρῶτα
1134 4057 1256 4131 γένηται.

1310 4137 1381 4186 (Hom.
1396 4137 1423 4179 11.
1439 4137 1474 4183 vl.
1488 4139 1523 4178 488
1533 4135 1582 4183 ενθιί

409 4219 488 4293 Μόνη
512 4218 565 4298 γὰρ
589 4219 617 4277 ἐν
641 4220 738 4278 θεοῖσιν
761 4221 790 4278 οὺ
813 4219 971 4288 δεσπόζεται

409 4323 480 4402 μοῖρ’
493 4323 548 4382 οθδ’
563 4323 591 4381 ἐν
615 4319 800 4403 ἀνθρώποισιν,
825 4323 891 4382 ἀλλ’
905 4322 986 4399 αὑτῆς
1008 4325 1111 4401 κρατεῖ.

1180 4406 1246 4456 (Men.
1262 4405 1338 4448 incert.
1354 4407 1414 4448 Stob.
1430 4407 1475 4448 Εσί.
1491 4407 1506 4447 1.
1517 4404 1582 4452 θίαν

409 4497 539 4575 Μόρσιμα
562 4495 585 4554 δ’
599 4494 653 4554 οὔτι
676 4498 767 4574 φυγεῖν
790 4497 883 4570 θέμις·
907 4497 937 4556 οὺ
960 4497 1038 4578 σοφίᾳ
1059 4517 1100 4568 τις
1122 4497 1268 4558 ἀπώσεται.

1368 4582 1402 4631 (Ε.
1418 4581 1522 4623 Her-ulid.
1535 4577 1582 4624 615.)

410 4653 451 4712 Οθ
472 4652 526 4732 γὰρ
548 4653 600 4732 πρό
623 4652 719 4731 μοίρας
742 4653 760 4730 ἠ
782 4653 850 4730 τθχη
874 4653 1004 4727 βιάζεται.

1234 4738 1265 4787 (s,
1281 4738 1315 4778 Fr.
1331 4737 1389 4778 ειυι.
1407 4737 1453 4779 Eoi.
1469 4738 1485 4779 1.
1500 4737 1532 4783 vl.
1547 4732 1582 4781 ιο.)
