3476 5490
783 539 1001 596 -VI-

299 745 469 788 numerum
494 725 601 810 coegit
624 747 667 787 ex
691 723 811 810 quibus
834 747 874 788 ea
895 735 1023 788 tantum
1041 723 1227 810 selegimus,
1251 747 1335 810 quae
1359 727 1488 811 proprie

297 877 492 941 gnomarum
509 855 579 920 loco
602 854 718 920 haberi
733 867 879 942 possunt.
911 855 1020 936 Quam
1036 857 1287 938 restrictionem,
1303 857 1364 920 etsi
1380 857 1489 942 operis

298 989 414 1052 unitati
439 986 533 1070 obsit,
556 986 730 1051 utilitatem
753 997 864 1050 tamen
887 988 959 1051 eius
981 1009 1044 1050 non
1069 986 1182 1050 tollere
1205 1009 1387 1069 censemus,
1411 987 1488 1073 quin

298 1119 405 1204 potius
418 1119 550 1205 quidam
563 1116 637 1202 loci,
653 1119 768 1204 primis
783 1119 912 1204 paginis
924 1119 1025 1201 citati,
1039 1140 1239 1204 quamquam
1252 1119 1486 1182 sententiarum

299 1249 455 1337 qualitate
473 1260 632 1332 carentes,
656 1249 818 1314 nonnullis
840 1273 904 1314 non
928 1251 998 1314 sine
1014 1273 1077 1313 usu
1092 1249 1222 1314 fuerint.
1255 1249 1364 1313 Etiam
1382 1259 1491 1312 errata

298 1381 489 1468 compluria,
513 1383 706 1467 praesertim
728 1383 821 1446 initio
844 1380 965 1446 laboris
989 1380 1220 1468 typographioi
1243 1381 1367 1468 passim
1389 1381 1489 1466 irrep·

299 1523 418 1596 serunt,
442 1514 501 1578 sed
515 1535 622 1600 neque
637 1521 704 1577 tam
722 1513 834 1596 multa,
859 1535 964 1600 neque
984 1513 1148 1598 graviora,
1172 1533 1256 1598 quae
1279 1513 1312 1574 in
1328 1511 1392 1575 fine
1414 1511 1489 1574 libri

298 1655 446 1710 correcta
468 1646 625 1710 invenies.

403 1778 438 1841 Si
462 1777 541 1864 quid
564 1786 736 1864 praeterea
757 1797 848 1860 vero,
877 1774 931 1840 vel
956 1773 1125 1840 titulorum
1149 1773 1204 1839 vel
1234 1775 1405 1838 materiam
1433 1771 1488 1836 de-

299 1908 396 1992 lectu,
425 1907 480 1972 vel
510 1909 719 1972 distinetione
749 1919 783 1971 et
813 1908 926 1972 ordine
957 1909 1064 1971 minus
1093 1907 1330 1973 convenienter
1352 1927 1372 1967 a
1396 1903 1489 1968 nobis

299 2047 536 2126 pertractatum
567 2037 836 2126 deprehenderis,
867 2039 912 2102 mi
935 2038 1052 2122 lector,
1083 2040 1154 2124 ipse
1185 2035 1282 2101 homo
1309 2057 1412 2122 quum
1436 2036 1490 2118 sis,

300 2171 495 2235 conditionis
526 2169 690 2235 humanae
720 2191 847 2234 memor
874 2179 952 2253 esto,
984 2169 1182 2253 veniamque
1213 2166 1329 2230 erratis
1359 2163 1489 2229 facilem

299 2300 417 2366 tribue.

404 2431 582 2518 Speremus
595 2443 703 2496 tamen
717 2431 984 2497 adulescentibus
998 2429 1151 2496 studiosis
1163 2428 1301 2515 aliisque
1317 2430 1363 2491 ita
1378 2426 1490 2492 labore

299 2573 409 2629 nostro
432 2563 636 2629 satisfactum
664 2564 714 2646 iri,
746 2573 781 2627 ut
811 2563 838 2627 si
869 2584 932 2626 non
957 2563 1068 2647 magni
1101 2562 1224 2647 ingenii
1247 2571 1280 2624 et
1307 2561 1491 2646 exquisitae

300 2695 489 2779 diligentiae
505 2693 645 2778 laudem,
664 2695 777 2780 (quam
798 2692 932 2780 quidem
950 2714 1009 2756 nee
1027 2714 1193 2756 meremur
1207 2713 1269 2756 neo
1285 2689 1491 2775 affectamus)

301 2827 347 2892 illi
371 2825 465 2891 nobis
493 2825 597 2891 velint
624 2825 784 2890 tribuere:
815 2836 850 2890 at
872 2823 973 2889 studii
995 2835 1116 2908 tamen,
1148 2835 1181 2888 et
1211 2833 1382 2909 promptae
1413 2843 1493 2906 erga

301 2957 403 3022 bonas
426 2957 537 3022 literas
561 2956 738 3022 voluntatis
760 2957 984 3021 testimonium
1011 2977 1075 3019 non
1103 2977 1236 3042 prorsus
1263 2955 1328 3017 sint
1351 2952 1488 3037 denega·

302 3091 376 3154 turi.
426 3087 465 3152 Id
497 3090 582 3154 enim
614 3089 837 3175 spectavimus
877 3086 991 3170 solum,
1028 3097 1065 3150 ut
1095 3085 1261 3172 publicam
1298 3083 1493 3148 adiuvantes

301 3221 486 3304 utilitatem,
510 3221 619 3284 studia
642 3231 762 3304 nostra,
787 3218 1010 3305 quantulaque
1034 3218 1167 3281 tandem
1184 3215 1239 3280 illa
1255 3217 1328 3293 sint,
1345 3213 1416 3294 tibi,
1433 3211 1491 3276 be·

304 3351 418 3417 nevole
441 3351 553 3436 leetor,
578 3350 735 3438 bonisque
759 3349 1059 3438 eomprobaremus.

406 3481 500 3561 Vale,
524 3493 557 3547 et
581 3483 607 3547 si
631 3503 804 3565 meremur,
829 3481 923 3544 favel
