3516 5500
886 525 1124 590 -352-

410 715 494 791 Οἶκος
516 717 563 778 καὶ
584 721 745 800 φρονέοντας
769 719 798 791 ἐς
821 719 971 800 ἀφροσύνας
994 720 1159 796 ἀναβαλλει.

1285 806 1392 856 (θθθευοί.
1409 807 1488 851 Athen.
1506 807 1531 853 Χ,
1547 809 1603 856 428)

410 869 493 948 Οἷνος
514 877 660 952 πινόμενος
681 876 784 950 πουλὺς
805 878 904 936 κακόν·
929 880 963 952 ἢν
987 876 1017 936 δέ
1039 898 1079 949 τις
1102 879 1181 938 αὐτόν

511 980 576 1064 πίνῃ
599 982 794 1062 ἐπισταμένως,
817 983 848 1042 οὺ
869 985 967 1061 κακόν,
991 982 1058 1042 ἀλλ’
1072 982 1186 1060 ἀγαθόν.

1359 1067 1484 1120 (Tmolia
1499 1069 1604 1118 50934υά

410 1132 494 1210 Οἶνος
515 1139 563 1198 οθκ
585 1138 645 1217 ἔχει
666 1138 801 1214 πηδάλια.

1504 1224 1604 1276 (Athen.)

409 1289 493 1366 Οἷνός
515 1295 544 1370 μ’
558 1295 663 1374 ἔπαισε,
689 1294 825 1372 δαιμόνων
848 1295 1004 1378 ὑπέρτατος.

1148 1379 1265 1431 (Mainake,
1280 1380 1314 1421 Fr.
1330 1379 1407 1421 incert.
1422 1392 1443 1420 τ.
1459 1380 1493 1430 Π,
1508 1392 1530 1432 μ.
1545 1382 1603 1428 ⁶94.)

408 1463 492 1542 Οίνός
513 1489 552 1528 τοι
574 1468 696 1550 χαρίεντι
716 1469 798 1529 πέλει
819 1469 905 1547 ταχὺς
926 1469 1007 1542 ίππος
1026 1469 1121 1549 ἀοιδῷ,

407 1572 480 1654 θδωμ
503 1573 535 1632 δὲ
556 1573 640 1634 πίνων
663 1572 741 1635 οῦδὲν
765 1577 797 1634 ἀν
819 1575 893 1634 τέκοι
915 1577 1006 1653 σοφόν.

1031 1657 1147 1711 (θμίςττιιι.
1163 1659 1185 1700 in
1200 1659 1318 1708 Cratinum,
1332 1671 1367 1711 ομ.
1383 1659 1464 1702 Athen.
1481 1659 1510 1708 11.
1524 1660 1556 1700 ³9.
1570 1660 1600 1708 e.)

411 1779 418 1792 .
445 1778 452 1791 .
476 1776 484 1791 .
508 1725 581 1802 σίνος
603 1731 769 1811 φιλολόγους

406 1837 510 1908 πάντας
531 1837 604 1896 ποιεῖ
625 1835 687 1908 τοίις
708 1835 805 1896 πλεῖον
827 1837 905 1896 αίιτδν

406 1939 541 2012 πίνοντας.

1207 2025 1298 2077 (Alexin,
1312 2025 1418 2074 Ἡσίπεια,
1433 2037 1454 2066 τ.
1464 2025 1505 2068 ΙΙΙ.
1515 2037 1537 2076 μ.
1546 2027 1598 2072 513.)

407 2111 501 2196 Οἴνος,
524 2112 547 2176 ὦ
572 2114 636 2196 φίλε
658 2118 717 2197 παῖ,
739 2115 863 2196 λέγεται,
887 2114 934 2175 καὶ
956 2115 1065 2176 ἀλάθεα
1087 2116 1175 2195 βάζει,

407 2223 518 2298 κάμμες
540 2221 595 2302 χρὴ
618 2221 768 2297 μεθύοντας
790 2219 914 2294 ἀλαθέας
938 2221 1064 2298 ἔμμεναι.

1241 2307 1357 2358 (Themin.
1373 2307 1436 2358 ldyn.
1451 2305 1525 2356 xm,
1539 2307 1597 2355 ιεω

401 2377 482 2440 Οἴνου
505 2399 535 2438 σε
556 2378 663 2455 πλῆθος
685 2376 770 2439 πόλλ’
783 2377 931 2458 ἀναγκάζει
954 2377 1067 2439 λαλεῖν·

406 2483 437 2544 B.
462 2484 556 2543 οθκοιῖν
580 2479 727 2558 μεθύοντάς
750 2503 812 2562 μασι
834 2482 941 2560 τάληθῆ
964 2483 1069 2563 λέγειν.

1053 2567 1153 2620 (Εμθῖμμ.
1169 2567 1245 2609 ὶιιοοτι.
1260 2571 1280 2618 4,
1295 2567 1402 2618 Mainake.
1417 2581 1437 2610 v.
1453 2569 1493 2617 111,
1509 2581 1529 2620 μ.
1543 2569 1594 2614 θίθά

407 2657 490 2718 Οίνου
513 2656 544 2717 δὲ
567 2659 663 2734 μηκέτ’
676 2657 752 2732 όντος
774 2659 824 2718 σὐιι
846 2658 916 2718 ἔστιν
940 2658 1053 2740 Κύπρις,

406 2761 548 2822 οὐδ’ἀλλο
570 2763 683 2843 τερπνόν
705 2762 783 2822 οάδὲν
806 2761 956 2843 ἀνθρώποις
979 2763 1027 2826 ἔτι.

1368 2849 1402 2900 με.
1418 2848 1496 2889 σίων.
1512 2848 1591 2896 τισιν.)

406 2919 442 2978 ‘0
465 2917 552 2991 πολὺς
574 2918 693 3000 άκρατος
714 2919 788 2999 ὀλίγ’
802 2919 950 2999 ἀναγκάζει
972 2921 1086 3000 φρονεῖν.

1104 3004 1170 3054 (ἀίειν.
1186 3003 1277 3044 θίυιιιιοθ.
1293 3003 1398 3052 Meineke.
1415 3017 1435 3046 v.
1452 3004 1488 3053 IV,
1503 3015 1527 3055 μ,
1541 3004 1589 3048 τόδ.)

405 3089 461 3164 Ὃς
483 3091 509 3152 δ’
524 3093 558 3152 ἂν
581 3092 746 3176 θπερβσθιλῃ
767 3097 861 3166 πόσιος
884 3095 993 3176 μέτρον,
1016 3094 1104 3154 οθκέτ’
1118 3093 1223 3166 ἐκεῖνος

509 3203 559 3274 τῆς
582 3197 662 3260 αὺτοῦ
683 3197 816 3277 γλώσσης
837 3200 979 3280 καρτερός,
1003 3198 1066 3259 οῦδὲ
1089 3202 1160 3278 νόου,

405 3302 527 3378 μυθεῖται
550 3301 575 3363 δ’
588 3302 751 3382 ἀπάλαμνα,
774 3303 808 3363 τθι
829 3305 925 3382 νήφοσι
946 3303 1071 3383 γίγνεται
1093 3303 1202 3384 αίσγρά,

509 3404 623 3468 αἰδεῖται
645 3408 672 3468 δ’
684 3407 771 3490 ἔρδων
795 3407 884 3488 οῦδὲν,
906 3411 970 3468 όταν
993 3409 1090 3492 μεθύῃ,

402 3513 433 3573 τδ
454 3509 515 3594 πρὶν
539 3511 592 3572 ἐὼν
614 3513 736 3594 σώφρων,
761 3514 822 3572 τότε
844 3515 948 3588 νήπιος.

404 3668 441 3728 Ὃ
465 3668 620 3745 Μνησίθεος
642 3669 693 3750 ἔφη
716 3671 761 3730 τόν
784 3665 856 3731 οίνον
877 3671 939 3743 τοὺς
961 3671 1041 3743 θεοὺς

402 3774 509 3849 θνητοῖς
530 3771 708 3847 καταδεῖξαι·
731 3778 788 3848 τοῖς
811 3774 861 3851 μέν
884 3775 971 3857 ὀρθῶς
993 3777 1147 3856 χρωμένοις

402 3879 507 3957 ἀγαθον
530 3881 668 3958 μέγιστον,
691 3882 747 3952 τοῖς
770 3877 795 3938 δ’
809 3880 933 3953 ἀτάκτως
954 3878 1115 3954 τοῦμπαλιν.

401 3985 499 4064 τροφήν
521 4003 551 4044 τε
574 3983 628 4063 γὰρ
650 3982 744 4044 δίδωσι
766 3987 831 4044 τοῖσι
853 3985 1017 4064 χρωμένοις,

402 4086 478 4168 ίσχόν
500 4109 530 4148 τε
552 4091 612 4161 ταῖς
635 4092 746 4168 ψυχαῖσι
768 4087 815 4148 καί
837 4091 893 4162 τοῖς
916 4092 1047 4166 σώμασιν.

402 4192 441 4265 εἰς
463 4195 512 4269 τὴν
535 4192 657 4275 ἰατρικήν
679 4215 709 4254 τε
731 4196 957 4275 χρησιμώτατον·

400 4298 447 4360 καί
468 4301 526 4372 τοῖς
547 4303 639 4372 ποτοῖς
660 4299 714 4380 γάρ
737 4303 890 4380 φαρμάκοις
911 4303 1078 4380 κεράννυται,

400 4403 447 4466 καὶ
469 4407 551 4465 τοῖσιν
574 4405 732 4465 ἑλκωθεῖσιν
755 4403 882 4485 ὠφέλημ’
895 4406 965 4484 ἔχει.

400 4510 431 4569 ἐν
451 4512 513 4582 ταῖς
535 4508 686 4583 συνουσίαις
707 4530 738 4569 τε
759 4512 820 4583 ταῖς
841 4510 903 4570 καθ’
919 4511 1025 4589 ἡμέραν

399 4617 456 4688 τοῖς
479 4615 529 4691 μὲν
552 4617 661 4697 μέτριον
683 4611 788 4676 πίνουσι
810 4613 857 4674 καί
879 4617 1050 4696 κεκραμένον

400 4719 545 4798 εθθυμίαν·
570 4721 619 4780 ἐὰν
641 4721 668 4780 δ’
679 4719 849 4802 ὑπερβάλῃς,
871 4720 964 4803 θβριν·
