3478 5490
693 506 1005 607 —173-'

213 731 311 813 δρᾶσαι
333 731 364 792 δὲ
386 733 459 816 χειρὶ
481 734 604 817 δυνατός,
627 736 676 795 οθκ
698 732 834 814 ἀνέξεται,
940 767 941 770 ¹
1035 765 1039 774 ’

211 838 248 897 τά
268 843 322 898 τῶν
345 831 370 899 δ’
385 840 504 918 ἐχόντων
526 839 648 921 χρήμαθ’
659 829 789 922 Ιἁρπάζειν
811 839 893 919 φιλεῖ.

1152 924 1185 976 (Ε.
1201 923 1234 964 Fr.
1250 923 1352 970 Theseus.
1367 923 1402 972 X.)

213 1027 265 1089 Ἄν
280 1050 305 1090 τι
325 1026 431 1114 πράξῃς
450 1031 537 1092 καλόν
553 1032 623 1108 μετά
641 1033 734 1106 πόνου,
756 1033 772 1090 ὁ
796 1032 846 1107 μὲν
865 1033 947 1104 πόνος
963 1031 1077 1111 οἴχεται,
1099 1033 1129 1092 τό
1149 1031 1180 1091 δὲ
1200 1032 1288 1092 καλόν
1309 1033 1403 1106 μένει.

214 1134 248 1194 ἀν
276 1157 300 1194 τι
325 1139 440 1218 ποιήσῃς
468 1135 580 1215 αἰσχρόν
607 1137 670 1212 μεθ’
685 1136 788 1214 ἡδονῆς
795 1185 805 1218 ,
835 1138 866 1196 τό
889 1137 940 1212 μὲν
961 1136 1012 1211 ἡδὺ
1036 1135 1156 1214 οἴχεται,
1185 1137 1214 1195 τό
1239 1134 1270 1196 δὲ
1292 1133 1402 1215 αἰσχρόν

214 1241 301 1314 μένει.

1108 1323 1234 1374 (Μενοιτίου,
1249 1323 1274 1364 Α.
1289 1322 1345 1364 Geli.
1361 1324 1403 1372 15.)

212 1413 353 1474 Ἅπανθό
374 1418 421 1474 τοῦ
443 1417 584 1492 ζητοῦντος
607 1415 723 1497 εὑρίσκει
743 1419 835 1489 πόνος.

954 1516 1069 1568 (Maium,
1085 1515 1118 1556 Fr.
1134 1513 1209 1555 incert.
1225 1527 1245 1556 ν.
1260 1514 1295 1564 lv,
1311 1527 1331 1565 p.
1347 1517 1403 1565 689.)

213 1605 335 1666 Ἅπαντα
356 1607 391 1666 τά
412 1607 490 1668 καλά
510 1611 557 1668 τοῦ
578 1610 722 1679 πονοῦντος
744 1607 875 1688 γίγνεται.
1304 1689 1350 1730 M
1395 1690 1402 1740 )

1294 1691 1302 1740 (
1329 1688 1334 1698 ’
1351 1701 1391 1731 σοι.

214 1759 332 1824 Ἀποννν
355 1763 379 1823 δ’
392 1764 495 1840 ἔλαβον
517 1767 615 1846 λάθμα
635 1765 732 1847 παῦροί
753 1785 834 1837 τινες·
1187 1847 1250 1900 (Pina
1273 1847 1298 1888 οι
1321 1846 1337 1886 x
1361 1845 1404 1894 ευ)

214 1956 339 2031 Γθμναζε
361 1959 472 2017 σεαυτόν
494 1959 586 2029 πόνοις
609 1956 754 2036 ἑκουσίοις,
785 1958 859 2028 ὅπως
881 1959 914 2016 ἀν
937 1955 1001 2038 δίνῃ
1024 1954 1070 2016 καί
1093 1955 1153 2027 τοὺς
1176 1955 1315 2028 ἀκουσίους
1336 1956 1403 2014 ἀπο-

216 2061 320 2135 μένειν.

214 2215 354 2276 *-*Δεῖ
374 2219 435 2290 τοὺς
457 2220 629 2298 γενομένους,
655 2221 754 2299 μέχρις
778 2221 810 2277 ἀν
833 2221 922 2298 ζῶσιν,
944 2221 1044 2279 πονεῖν.

215 2321 349 2402 ἀνανδρία
371 2322 424 2402 γὰρ
446 2323 521 2382 λιτόν
545 2323 575 2383 αθ
597 2325 686 2404 τρέφει
710 2323 777 2398 βίον.

932 2406 1001 2457 (Men.
1016 2405 1093 2446 incert.
1108 2403 1214 2452 Mainake,
1228 2415 1248 2444 ν.
1263 2403 1299 2453 Π,
1313 2415 1334 2454 p.
1348 2403 1405 2454 858.)

1215 2143 1289 2194 (Ιευστ.
1305 2143 1404 2193 Damon.)

217 2525 225 2539 .
252 2522 260 2538 .
286 2527 292 2540 .
316 2476 339 2538 εί
363 2478 387 2538 δ’
402 2480 465 2560 ἀτερ
487 2481 577 2538 πόνων

214 2583 310 2653 δοκεῖς
333 2584 449 2664 ἔσεσθαι,
473 2586 565 2664 μυρίος
589 2579 623 2664 ε’ί,
639 2584 743 2659 θνητός
764 2586 867 2663 γεγώς.

214 2739 252 2798 Εἰ
275 2739 306 2798 δέ
328 2761 368 2812 τις
390 2739 475 2814 ὄλβος
499 2741 527 2800 ἐν
552 2735 601 2800 ἀν-

216 2845 372 2925 θρώποισιν,
396 2841 460 2905 ἄνευ
482 2847 607 2921 καμάτου

217 2948 252 3008 οὗ
273 2947 402 3028 φαίνεται.

1086 2667 1119 2717 (κ.
1134 2667 1169 2706 Fr.
1185 2667 1242 2707 ενοι.
1258 2665 1349 2715 xcv111,
1363 2665 1406 2714 τι.)

1137 3029 1208 3078 (Pina.
1225 3029 1286 3081 mh.
1303 3029 1349 3078 ττι,
1363 3031 1407 3080 τυ.)

219 3155 226 3167 .
255 3153 262 3166 .
287 3151 294 3165 .
317 3105 403 3178 εἴτις
425 3105 509 3186 ἀργός
532 3110 569 3166 ὢν
592 3107 664 3177 θεοῖς

217 3207 336 3290 εὔχοιτο,
359 3207 406 3270 καὶ
429 3211 467 3286 μὴ
490 3208 561 3290 χειρί
584 3209 717 3286 συλλέγοι
739 3207 808 3287 βίον,

216 3313 254 3372 τά
276 3315 336 3374 θεῖα
357 3315 495 3394 πυργοῖισ,
519 3313 547 3373 αἱ
568 3312 653 3372 κακαί
675 3334 704 3372 τε
727 3310 868 3393 συμφοραί.
1391 3363 1392 3368 ,

343 3408 346 3414 ·
1110 3395 1142 3444 (E.
1159 3394 1191 3435 Fr.
1206 3393 1327 3444 Belleroph.
1344 3393 1407 3444 xx1.)

216 3489 272 3548 Ἐκ
293 3490 408 3565 θαμινῆς
431 3489 613 3569 ῥαθάμιγγος,
636 3488 707 3558 όκιος
729 3486 827 3564 λόγος,
852 3482 909 3546 αἰὲν
933 3482 1019 3557 ἰοίσας

216 3590 281 3670 χ’σί
301 3591 380 3664 λίθος
403 3593 433 3666 ἐς
455 3593 567 3673 ρυχμθν
589 3588 765 3652 κοιλαίνεται.

597 3666 603 3680 ’
650 3729 652 3733 ,
1118 3669 1188 3722 (Bion.
1203 3669 1263 3716 δῖοί).
1277 3670 1350 3720 mx,
1364 3672 1408 3722 52.)

217 3749 273 3809 Ἐκ
295 3751 341 3809 τοῦ
363 3749 519 3828 φιλοπονεῖν
541 3742 656 3827 γίγνεθ’,
680 3741 718 3806 ὧν
741 3745 833 3817 θέλεις
855 3747 972 3824 κρατεῖν.

919 3843 1019 3895 (Philem.
1034 3843 1110 3884 incert.
1125 3841 1230 3892 Meineke,
1245 3855 1264 3883 v.
1279 3843 1314 3892 lv,
1330 3855 1350 3894 μ.
1365 3846 1409 3896 62.)

218 3942 273 4001 Ἐκ
293 3946 348 4000 τῶν
369 3943 461 4004 πόνων
483 3937 531 4000 καὶ
551 3939 586 3998 τά
609 3937 724 4015 μαλακὰ
746 3937 876 4016 γίγνεται.

1253 4017 1311 4068 (ιτα.
1327 4017 1363 4058 υτ.
1378 4019 1408 4068 ε.)

218 4099 273 4158 Ἐκ
294 4103 348 4158 τῶν
367 4100 458 4158 πόνων
477 4117 517 4157 τοι
540 4095 636 4175 τάγάθ’
646 4093 755 4167 αὔξεται
778 4093 892 4172 βροτοῖς·

217 4205 235 4262 ό
258 4202 283 4261 θ’
291 4203 359 4279 ἡδὺς
381 4201 459 4282 αἰὼν,
481 4203 499 4278 ἡ
521 4202 595 4276 κακή
617 4201 640 4259 τ’
654 4196 773 4274 ἀτολμία
824 4203 825 4206 ’
949 4183 950 4188 ¹

218 4305 275 4368 οὔτ’
288 4301 372 4388 οἶκον,
395 4305 456 4368 οίίτε
479 4305 569 4380 βίαιον
592 4304 671 4365 οὺδὲν
694 4302 806 4381 ὠρελεῖ.

221 4463 520 4544 Η.ψάῌώ

219 4569 334 4647 μοχθεῖν
357 4568 479 4648 ἀίκαιον;
502 4564 541 4638 τίς
564 4565 589 4624 δ’
604 4565 728 4642 ἀμοχθος
749 4561 885 4636 εθκλεής;

218 4667 261 4744 τίς
281 4679 335 4732 τῶν
359 4671 494 4751 μεγίστων
518 4671 610 4740 δειλός
633 4673 669 4729 ὢν
693 4665 831 4749 ὠρέξατο;

927 4382 992 4433 (λίαν.
1008 4382 1098 4424 λίτυον).
1113 4381 1219 4430 Mainake,
1233 4393 1254 4422 ν.
1269 4381 1305 4430 IV,
1319 4393 1340 4431 p.
1355 4383 1409 4432 ³44.)

1162 4747 1196 4796 (Ε.
1212 4746 1246 4786 Fr.
1261 4745 1347 4786 Archel.
1363 4745 1409 4792 IX.)
