3516 5500
673 503 905 566 ..345-

194 699 284 760 Οθδὲν
308 700 337 759 ἐν
360 700 519 780 ἀνθρώποισι
543 701 620 775 μένει
642 698 728 778 χρῆμ’
743 694 863 773 ἔμπεδον
886 694 949 756 αἰεί.

866 779 978 830 (Simonid.
994 778 1148 819 Schneidewin.
1165 778 1275 826 Dolet-tus,
1290 789 1314 828 p.
1328 778 1386 828 402.)

195 889 285 950 θῦδὲν
307 896 361 950 τῶν
383 890 555 971 ἀνθρωπίνων
579 889 690 966 βέβαιόν
714 888 794 968 ἐστιν,
824 886 902 948 ἀλλὰ
923 889 1010 947 πάντα
1035 888 1143 966 φέρεται
1165 886 1236 968 φορᾷ
1257 906 1306 945 τινι
1327 907 1384 944 πα-

197 994 322 1076 ραλόγῳ.

1010 1075 1145 1128 (clitum.
1161 1075 1220 1116 εισι.
1235 1074 1328 1124 κσνιιι,
1342 1075 1387 1124 σι.)

193 1169 329 1231 οῖιδὲποτ’
344 1170 468 1248 είιταχίαν
489 1175 576 1230 κακοῦ
598 1169 698 1252 ἀνδρός
719 1169 871 1250 ῦπέρφρονά
892 1166 916 1228 τ’
929 1167 1014 1245 ὄλβον

195 1273 308 1352 βέβαιον
330 1273 437 1335 εἰκάσαι
458 1278 559 1353 χρεῶν.

914 1356 947 1410 (κ.
961 1356 995 1398 rr.
1010 1354 1095 1398 ιιιιιι.
1108 1354 1179 1396 xxvl.
1195 1353 1233 1396 ιιι.
1250 1352 1386 1404 κυρῶσαι.)

194 1449 256 1510 Οθκ
278 1450 348 1509 ἔστιν
372 1449 449 1510 οῦδὲν
470 1451 578 1510 πιστόν·
603 1448 656 1510 οὔτ’
670 1445 787 1530 εὐδοξία,

193 1553 249 1614 οὔτ’
262 1550 296 1614 αδ
318 1553 415 1627 καλῶς
436 1551 577 1634 πράξαντα
599 1553 637 1630 μὴ
660 1550 772 1632 πράξειν
793 1558 896 1624 κακῶς.

1151 1633 1184 1684 (Ε.
1199 1632 1281 1674 Ηστιιθ.
1296 1633 1386 1683 θῦθεη.)

194 1755 202 1771 .
229 1761 235 1772 .
261 1759 268 1772 .
292 1712 341 1772 οῦκ
364 1711 436 1772 ἔστιν
458 1713 544 1771 κακόν

192 1814 388 1893 ἀνεπιδόκητον
411 1815 577 1896 ἀνθρώποις·
601 1815 689 1896 ὀλίγῳ
713 1813 744 1876 δὲ
766 1817 858 1896 χρόνῳ

379 1919 402 1938 Η

192 1921 281 1978 πάντα
304 1920 478 2001 μεταρρίπτει
500 1921 572 1991 θεός.

813 2002 925 2056 (Simonid.
940 2002 984 2052 Cei,
999 2001 1155 2050 Schneidewin,
1170 2001 1280 2050 Deiectus,
1294 2013 1316 2052 p.
1330 2001 1387 2051 ³90.)

192 2111 263 2172 Οῖιδ’
276 2113 345 2172 ἔστιν
369 2110 454 2172 εἰπεῖν
478 2115 575 2192 ζῶντα,
598 2113 672 2174 ταῦτ’
685 2113 715 2174 σθ
737 2112 877 2188 πείσομαι.

1007 2195 1073 2246 (Men.
1084 2193 1189 2242 Meineko,
1204 2205 1224 2234 v.
1239 2192 1275 2242 IV,
1290 2205 1310 2244 p.
1328 2195 1385 2244 tw.)

191 2287 234 2346 0³³
257 2286 319 2358 τοῦς
340 2292 505 2368 κρατοῦντας
526 2289 581 2368 χρὴ
604 2289 712 2368 κρατεῖν
736 2290 753 2346 ά
776 2289 815 2363 μὴ
838 2289 940 2367 χρεῶν,

191 2391 248 2451 οὐδ’
262 2393 440 2469 εὐτυχοῦντας
463 2387 491 2451 εὖ
515 2391 606 2452 δοκεῖν
628 2395 757 2472 πράσσειν
782 2391 837 2451 σίεί.

192 2495 273 2574 κάγὼ
296 2494 349 2575 γὰρ
372 2493 405 2573 ἦν
427 2495 499 2574 ποτ’,
523 2495 601 2554 ἀλλὰ
621 2501 666 2555 νῦν
689 2496 738 2556 οῦκ
761 2489 882 2572 εἶμ”ἕτι

192 2602 239 2660 τόν
261 2602 350 2660 πάντα
373 2599 399 2659 δ’
415 2599 501 2674 ὄλβον
523 2597 599 2680 ἦμαρ
623 2602 652 2660 ἕν
675 2601 703 2675 μ’
717 2599 855 2681 ἀφειλετο.

1135 2682 1168 2733 (E.
1184 2681 1264 2722 Hecub.
1280 2683 1319 2724 282
1329 2681 1387 2732 sqq.)

195 2755 238 2815 Οἱ)
259 2758 314 2837 χρῇ
338 2756 398 2816 ποτ’
412 2755 441 2816 εὖ
462 2758 628 2836 πράσσοντος
650 2756 758 2831 ὀλβίσαι
780 2757 865 2834 τῦχας

195 2860 304 2940 ἀνδρὸς,
327 2859 389 2941 πρὶν
413 2860 485 2941 αὐτῴ
507 2863 653 2933 παντελῶς
674 2861 729 2937 ἤδη
754 2859 813 2935 βίος

195 2965 387 3046 διεκπερανθῇ,
409 2964 457 3025 καὶ
479 2966 630 3047 τελευτήσῃ
653 2963 730 3042 βίον·

195 3070 223 3128 ἐν
246 3069 300 3150 γὰρ
324 3069 424 3150 βραχεῖ
446 3071 561 3130 καθεῖλε
582 3069 697 3151 κώλίγῳ
719 3072 811 3151 χρόνῳ

193 3171 375 3251 πάμπλουτον
398 3173 483 3250 ὄλβον
507 3175 636 3250 δαίμονος
658 3179 744 3236 κακοῦ
767 3175 850 3256 δόσις,

194 3279 259 3338 ὅταν
284 3283 406 3359 μεταστῇ
428 3277 475 3338 καί
497 3280 570 3350 θεοῖς
593 3279 662 3362 δοκῇ
685 3279 762 3341 τάδε.

195 3435 237 3496 Οθ
259 3437 315 3518 χρῇ
338 3436 398 3495 ποτ’
411 3436 503 3516 θρθαῖς
526 3436 554 3494 ἐν
577 3437 671 3514 τῦχαις
695 3437 834 3513 βεβηκότα

195 3537 266 3612 ἕξειν
289 3540 334 3599 τ’σν
360 3541 439 3600 αίντδν
463 3539 569 3616 δαίμον’
582 3539 667 3600 εἰσαεὶ
690 3541 790 3603 δοκεῖν.

195 3643 286 3724 δγόιρ
309 3645 372 3717 θεός
394 3664 463 3722 πῶς,
486 3642 510 3703 εί
533 3645 595 3704 θεόν
618 3666 666 3724 σφε
689 3645 742 3725 χρὴ
765 3645 873 3724 καλεῖν,

193 3751 292 3824 κάμνει
315 3745 401 3821 ξυνὼν
423 3747 457 3806 τὰ
479 3748 574 3808 πολλὰ
595 3752 652 3820 τοῖς
676 3751 765 3821 αὺτοῖς
787 3749 839 3810 σίεί.

195 3855 300 3928 θνητῶν
324 3852 356 3913 δὲ
378 3854 475 3928 θνητός
498 3853 598 3928 ὄλβος
622 3853 648 3914 σί
670 3854 695 3914 δ’
708 3855 870 3935 όπέρφρονες

193 3955 241 4017 καί
263 3955 302 4035 τῷ
325 3959 436 4037 παρόντι
457 3958 563 4017 τοῦπίον
585 3958 755 4034 πιστοῦμενοι

193 4060 319 4140 ἔλεγχον
344 4060 446 4136 ἔλαβον
469 4061 517 4136 τήν
539 4061 624 4139 τῦχην
648 4061 676 4121 ἐν
698 4062 737 4140 τῷ
759 4064 865 4124 παθεῖν.

1111 4146 1143 4196 (θ.
1160 4146 1193 4188 Fr.
1209 4145 1286 4187 incert.
1301 4145 1388 4196 mn.)

192 4216 287 4276 Πάλαι
310 4219 463 4292 σκοποῦμαι
484 4216 533 4288 τὰς
554 4217 639 4295 τόχας
661 4218 710 4290 τόις
732 4223 785 4277 τῶν
809 4217 913 4299 βροτῶν

192 4321 231 4392 ὡς
255 4317 285 4379 εὖ
309 4319 560 4394 μεταλλάσσουσιν·
584 4322 615 4394 ός
637 4321 691 4402 γὰρ
713 4321 747 4380 διν
770 4323 873 4403 σφαλῇ,

192 4422 232 4494 εἰς
255 4422 334 4504 δρθδν
358 4423 432 4504 ἔστη,
454 4425 499 4503 χώ
522 4423 583 4505 πρίν
610 4425 729 4504 είιτυχῶν
752 4424 849 4487 πίτνει.

915 4267 923 4300 δ

1107 4510 1140 4560 (Ε.
1157 4509 1190 4551 Fr.
1206 4509 1291 4550 Δττίισί.
1306 4509 1388 4560 xm)

193 4625 201 4640 .
226 4627 233 4640 .
258 4626 266 4640 .
289 4579 365 4660 παρὰ
387 4579 412 4639 δ’
427 4579 518 4640 ἄλλαν
541 4579 619 4640 σίλλα

192 4685 275 4765 μοῖρα
297 4683 403 4746 διώκει·
