3532 5500
867 516 1189 596 -240-¹

390 707 424 765 Εἰ
447 705 511 766 δείν’
525 707 652 789 ἔδρασας,
676 709 752 768 δεινά
772 707 818 768 καὶ
840 711 936 768 παθεῖν
959 730 990 768 σε
1015 711 1066 790 δεῖ,

391 811 470 884 δίκας
492 811 516 871 δ’
531 810 688 892 ἐξέλαμψεν
712 816 783 875 ὅσιον
807 816 885 893 φάος.

391 970 566 1051 Εἱμαρμένον
588 971 619 1030 δὲ
641 977 695 1031 τῶν
716 978 810 1032 κακῶν
833 973 1029 1048 βουλευμάτων

390 1076 480 1146 κακὰς
502 1075 621 1152 ἂμοῑβᾶς
644 1077 699 1136 ἔσθ
720 1078 886 1157 mmmm
909 1077 1024 1156 βίθτοῖς·
1308 1165 1367 1215 (1¹00
1389 1164 1460 1206 incon
1482 1165 1506 1206 υι
1528 1167 1586 1216 20⁶)

394 1251 514 1322 Ἕκανές
535 1253 564 1329 γ’
576 1252 606 1310 ὃν
628 1252 658 1310 οὔ
679 1257 760 1332 χρῆν,
783 1249 830 1311 καὶ
852 1253 883 1311 τδ
906 1254 944 1328 μὴ
966 1253 1057 1334 χρεὼν
1080 1254 1161 1314 πάθε.

1371 1339 1406 1389 (Δ.
1422 1339 1514 1390 (ἲάοόρίι.
1528 1341 1586 1391 9³⁰.)

393 1408 444 1466 Ἐκ
465 1407 546 1467 τῶνδ’
560 1407 685 1486 ἀνάγκας
707 1409 772 1489 ἀτερ

392 1511 498 1584 δίκαιος
520 1516 558 1572 ὢν
580 1514 630 1573 οὒκ
652 1513 772 1588 ἄνολβος
796 1513 888 1573 ἔσται·

391 1617 570 1698 πανώλεθρος
592 1615 617 1674 δ’
631 1615 721 1678 οὔποτ’
733 1618 767 1678 ἀν
789 1620 905 1698 γένοιτο.

391 1723 437 1781 τδν
460 1721 621 1798 ἀντίτολμον
644 1720 676 1782 δέ
698 1744 765 1802 ραμι
787 1723 929 1804 παρβάταν

392 1825 427 1885 τά
448 1825 545 1886 πολλὰ
565 1827 725 1908 παντάρυρτ*
739 1829 802 1888 ἀνευ
825 1827 903 1902 δίκης

394 1930 490 2004 βιαίως
512 1928 558 2003 ξὺν
579 1932 671 2012 χρόνῳ
693 1933 834 2010 καθήσειν,

393 2033 492 2113 λαῖρος
514 2037 578 2094 ὅταν
599 2035 676 2117 λοίβη
698 2038 780 2107 πίνος
802 2037 972 2116 θραυομένας
994 2031 1117 2117 κεραίας.

1306 2123 1341 2172 (Δ.
1357 2121 1471 2162 Bumenid.
1485 2123 1587 2172 ssosqq.)

394 2187 447 2250 Ἓν
471 2189 616 2269 ἐπίσταμαι
638 2195 723 2273 μέγα,

395 2297 440 2356 τάν
464 2303 559 2368 κακῶς
580 2319 605 2357 τι
629 2299 734 2378 δρῶντα

395 2401 493 2473 δεινοῖς
516 2397 731 2479 ἀνταμείψασθαι
753 2406 859 2474 κακοῖς,

1057 2486 1188 2536 (λτυίιίίυυίτ.
1204 2486 1359 2532 Schneidewin.
1374 2487 1486 2530 Deiectus.
1500 2499 1520 2538 ρ.
1534 2489 1588 2537 186.)

396 2556 473 2618 Ἐπεί
496 2558 606 2638 ῥέζοντά
627 2581 652 2619 τι
674 2559 721 2620 καί
743 2561 839 2620 παθεῖν
863 2561 946 2621 ἔοικε.

1333 2646 1405 2696 (Pind.
1420 2645 1481 2686 Nom.
1496 2645 1529 2693 Π,
1543 2647 1588 2693 51.)

397 2711 520 2796 Ἔπραξε
544 2714 629 2795 δεινά,
653 2717 728 2777 δεινά
751 2717 776 2778 δ’
790 2716 930 2778 ἀντέδωκε
954 2739 996 2778 σοι

396 2818 443 2878 καὶ
465 2819 547 2900 τῷδ’·
572 2821 633 2898 ἔχει
653 2822 708 2902 γάρ
729 2824 748 2900 ἡ
770 2823 839 2898 Δίκη
864 2824 938 2902 μέγα
960 2823 1065 2894 σθένος.

1345 2905 1378 2955 (Ε.
1394 2905 1486 2950 Electra.
1501 2908 1587 2956 95ης.)

398 2980 432 3037 'H
456 2978 487 3038 δέ
509 3000 540 3039 τε
560 2980 695 3058 παρθένος
718 2979 773 3039 ἐστὶ
797 2981 875 3060 Δίκη,
899 2979 961 3052 Δίος
986 2979 1146 3058 ἐκγεγαυῖα.
1418 3063 1435 3102 11
1480 3063 1496 3103 0

1407 3065 1414 3114 (
1438 3075 1466 3104 ευ.
1499 3077 1517 3113 μ
1532 3065 1588 3114 25ί.)

789 3137 812 3156 Η

399 3135 446 3195 Ἰὼ
469 3134 532 3195 δίκα
555 3133 602 3194 καί
624 3137 694 3194 θεῶν
715 3137 864 3218 παλίρρους
886 3139 1001 3214 πότμος,

397 3237 485 3317 ἦλθες
505 3242 597 3320 χράνῳ
620 3241 671 3316 μἐν
694 3235 724 3301 οὗ
746 3240 825 3319 δίκην
849 3240 946 3314 δώσεις
969 3241 1068 3320 θανὼν,

397 3344 489 3426 ὓβρεις
511 3345 626 3424 ὑβρίζων
650 3344 689 3418 είς
712 3345 858 3422 ἀμείνονας
881 3347 970 3406 σέθεν.

1295 3428 1328 3478 (Ε.
1338 3427 1425 3468 Hercul.
1435 3427 1484 3469 Fur.
1499 3429 1536 3468 m
1545 3429 1586 3478 sq.)

399 3539 532 3620 Καθάπερ
554 3536 600 3599 οὗν
624 3537 667 3598 ἐπὶ
689 3543 740 3616 τῆς
762 3539 840 3610 θείας
861 3536 968 3611 τάξεως
989 3539 1007 3614 ἡ
1030 3537 1142 3618 πρόνοια
1169 3535 1215 3595 καί
1243 3536 1350 3614 ἀνάγκη
1373 3537 1514 3613 τέτακται,
1544 3537 1587 3594 τάν

399 3644 479 3705 αἰιτδν
501 3646 600 3725 τρόπον
622 3641 669 3704 καί
691 3641 736 3703 ἐπὶ
759 3649 813 3703 τῶν
837 3643 984 3723 ἀνθρώπων
1006 3645 1134 3702 τέτακται
1156 3643 1174 3717 ἡ
1197 3641 1290 3717 Δίκη.

1332 3741 1401 3792 (ενοι.
1416 3742 1460 3783 [αι.
1477 3743 1494 3790 ι,
1505 3741 1537 3788 ιν,
1545 3743 1587 3791 τι.)

399 3817 456 3880 Καὶ
477 3819 531 3900 γὰρ
553 3816 620 3891 τίσις
642 3817 722 3877 τῶνδ’
737 3815 792 3876 ἐστὶ
814 3818 873 3888 τοῖς
895 3837 925 3876 τε
948 3819 1083 3898 νερτέροις

398 3923 524 3997 καὶτοῖς
547 3924 651 3985 ἀνωθεν
673 3927 753 3983 πᾶσιν
776 3923 936 4003 ἀνθρώποις.

1347 4003 1380 4054 (E.
1397 4003 1473 4044 Helen.
1490 4007 1537 4045 101³
1546 4003 1586 4053 νη.)

399 4085 479 4160 Μόνη
492 4083 559 4144 ’πθ
582 4081 766 4164 ἀπαθαῖθίτθς
788 4080 867 4156 Δίκη·
1320 4162 1388 4212 (μοι.
1404 4162 1449 4203 πει.
1468 4163 1484 4210 ι,
1498 4161 1532 4212 lv,
1545 4162 1586 4212 τι.)

399 4241 487 4319 Νέμει
509 4261 551 4302 τοι
574 4239 653 4300 δίκαν
676 4239 748 4320 θεὸς,
772 4239 837 4298 ἀταν
859 4238 942 4319 τύχῃ·

400 4347 517 4428 σχέτλια
539 4345 591 4423 μὲν
615 4344 726 4424 ἔπαθες,
749 4343 845 4404 ἀνόσια
867 4341 892 4401 δ’
906 4339 1036 4422 εἰργάσω.

1335 4423 1369 4474 (π.
1384 4423 1478 4466 mecm.
1495 4423 1585 4472 ιιανιη.)

399 4505 462 4566 Οίει
485 4503 515 4565 αθ
538 4502 600 4576 τοὺς
623 4501 765 4582 θανόντας,
788 4497 811 4560 ὦ
834 4499 985 4580 Νικήρατε,

398 4615 497 4694 τρυφῆς
520 4611 629 4684 ἀπάσης
651 4605 860 4684 μεταλαβόντας
883 4605 912 4664 ἐν
935 4603 996 4684 βίῳ,

398 4715 447 4778 καί
469 4721 522 4796 γῆν
544 4715 689 4794 καλύψειν,
714 4713 752 4784 ὡς
775 4711 827 4770 ἀπδ
850 4712 897 4770 τοῦ
918 4709 997 4769 πάντ’
1012 4705 1052 4780 είς
1073 4709 1172 4790 χρόνον
