3478 5490
749 539 985 604 -157-

251 729 364 789 Φθόνον
387 731 417 790 σθ
439 728 524 810 σέβω,
547 732 657 810 φθονεῖ-

250 833 317 894 σθαι
339 833 364 892 δ’
378 834 500 911 ἐθέλοιμ’
513 839 546 895 ἂν
570 836 614 895 ἐπ’
629 837 746 909 ἐσθλοῖς.

1185 923 1219 974 (θ,
1234 923 1270 966 Fr.
1285 923 1387 974 Phoenix,
1402 924 1448 976 vl.)

252 999 365 1072 Φθίνος
388 999 440 1060 δ’ὁ
462 1001 578 1062 πολλῶν
601 1003 685 1083 φρὲνα
708 1002 867 1082 διαφθείρων
891 1001 994 1084 βροτῶν

254 1103 380 1164 ἀπώλεο
393 1105 482 1167 αίπόν.

1223 1195 1258 1246 (E.
1273 1195 1309 1236 Fr.
1324 1194 1397 1246 oedip.
1412 1196 1448 1248 II.)

253 1269 365 1342 Φθὸνος
386 1268 515 1345 κάκιστος
536 1268 723 1344 κάδικώτατος
746 1274 809 1346 θεδς

251 1377 352 1446 κακοῖς
373 1395 403 1434 τε
425 1370 518 1458 χαίρει
539 1376 672 1456 κάγαθοῖς
695 1376 852 1456 ἀλγύνεται.

1035 1461 1190 1514 (Rimmon,
1205 1463 1264 1504 ενοι.
1278 1463 1389 1513 κνιιινιιι,
1406 1467 1448 1518 ιο.)

253 1531 365 1603 Φθίνος
386 1539 436 1608 τῆς
459 1537 550 1612 ψυχῆς
571 1533 657 1614 πρίων
681 1534 760 1595 ἐστίν.

1322 1620 1448 1672 (Socrates.)

253 1697 408 1758 Φθονοῦσιν
431 1697 505 1759 αῖιιοί
526 1699 652 1780 χείρονες
673 1702 832 1780 πεφυκότες,

253 1800 297 1872 εἰς
318 1802 458 1880 τάπίσημα
481 1803 534 1863 δ’ὁ
556 1804 652 1884 φθόνος
674 1805 764 1881 ποδοῖν
786 1805 867 1884 φιλεῖ.

1181 1889 1214 1942 (II.
1228 1889 1264 1930 Fr.
1277 1889 1399 1940 Belleroph.
1413 1890 1449 1942 V.)
1472 1939 1475 1944 Δ

252 1995 357 2074 Φθίνῳ
371 1998 448 2056 τοῦτο
469 1996 551 2072 μόνον
570 1997 698 2078 πάρεστιν
719 1992 832 2077 ἀγαθον,
853 1997 893 2056 ὅτι
914 1996 1041 2076 μέγιστον
1061 1997 1147 2056 κακδν
1166 2001 1223 2069 τοῖς
1240 1997 1347 2076 ἔχουσίν
1367 1997 1446 2059 ἐστιν.

1315 2098 1448 2150 (Isocrates.)

251 2184 353 2268 Χαίρω
376 2187 400 2246 σ’
412 2188 483 2266 δρῶν
504 2188 650 2267 φθονοῦντα
672 2187 741 2248 τοῦτ’
755 2185 844 2267 εἰδώς,
868 2190 907 2248 ὅτι

251 2293 285 2349 ἓν
310 2291 363 2373 δρᾷ
386 2294 468 2368 μόνον
491 2291 604 2374 δίκαιον,
627 2289 665 2352 ών
687 2295 759 2352 ποιεῖ
780 2293 894 2372 φθόνος·

250 2397 337 2456 λυπεῖ
357 2391 412 2477 γὰρ
435 2395 501 2456 αθτδ·
520 2403 613 2473 κτῆμα
634 2398 696 2469 τοὺς
718 2399 910 2475 κεκτημένους.

1069 2479 1189 2532 (eminus,
1203 2481 1263 2522 θυοδ,
1278 2481 1387 2532 IIIIIIVIII,
1403 2485 1446 2532 18.)

251 2559 316 2640 Χρὴ
340 2557 396 2636 δὴ
419 2561 515 2640 λέγειν
537 2581 561 2621 τι
583 2563 712 2643 χρηστὸν,
734 2564 752 2636 ἢ
775 2561 902 2640 λέγουσιν
926 2556 955 2618 εὖ

251 2665 295 2741 μὴ
319 2663 503 2742 δυσμεναίνων
525 2665 564 2747 τῷ
587 2667 675 2747 φθόνῳ
696 2667 857 2744 νικώμενον.

1031 2749 1184 2804 (Ηίμμοιίισοιι,
1202 2749 1262 2792 Stob.
1277 2750 1388 2802 xxxvffl,
1404 2753 1447 2804 1⁷.)

250 2855 359 2937 Ὥσπερ
382 2857 410 2918 αί
430 2861 515 2936 γῖπες
529 2859 597 2940 προς
617 2858 651 2918 τὰ
672 2857 778 2934 δυσώδη
799 2859 922 2937 φέρονται
944 2857 1068 2931 πολλοὺς
1087 2858 1138 2934 μὲν
1152 2858 1302 2938 λειμῶνας,
1324 2859 1448 2932 πολλοῖς

251 2962 286 3021 δὲ
309 2963 385 3038 ἡδεῖς
412 2955 459 3022 καὶ
481 2963 593 3035 εὐώδεις
614 2965 712 3034 πίπους
734 2959 952 3044 ίιπερπτοίμεναι·
975 2961 1022 3022 καὶ
1051 2963 1078 3022 οιί
1106 2965 1181 3039 μυῖαι
1202 2965 1233 3023 τδ
1256 2963 1307 3040 μὲν
1329 2965 1447 3044 ὑγιαῖνον

247 3068 467 3148 παρατρέχουσι,
498 3069 566 3148 πρδς
589 3068 621 3127 δὲ
642 3070 673 3127 τδ
697 3069 780 3139 ἕλκος
804 3067 973 3146 ἐπείγονται·
1015 3067 1100 3140 οθτως
1122 3067 1148 3128 οί
1170 3066 1300 3142 βάσκανοι
1326 3068 1375 3140 τὰς
1398 3069 1448 3146 μὲν

249 3175 303 3232 τοῦ
332 3169 390 3248 βίου
418 3173 616 3252 λαμπρότητας
646 3169 692 3232 καί
727 3172 761 3231 τὰ
791 3173 897 3250 μεγέθη
927 3178 980 3232 τών
1009 3173 1232 3252 κατορθουμένων
1267 3173 1331 3232 οὐδὲ
1360 3193 1447 3253 προσ-

251 3276 396 3358 βλέπουσι,
419 3279 476 3349 τοῖς
498 3276 529 3336 δὲ
552 3280 664 3355 σαπροῖς
688 3277 856 3338 ἐπιτίθενται.
1260 3325 1321 3404 Μ
1438 3361 1447 3414 )

1251 3363 1259 3412 (
1278 3372 1296 3404 r.
1323 3393 1328 3411 ,
1342 3363 1389 3410 412.
1405 3363 1436 3404 15.

250 3467 357 3548 Ὥσπερ
379 3467 397 3543 ἡ
421 3466 530 3549 ἐρυσίβη
554 3466 623 3528 ἴδιόν
646 3466 701 3527 ἐστι
722 3469 769 3526 τοῦ
792 3465 863 3526 σίτου
885 3468 1001 3546 νόσημα,
1036 3467 1121 3538 οώτως
1143 3468 1240 3546 φθόνος
1262 3466 1355 3546 φιλίας
1378 3465 1447 3526 ἐστὶν

251 3572 433 3653 &mmm
1192 3655 1262 3706 (εισι.
1276 3655 1387 3704 xxxvnl,
1402 3657 1446 3708 σε.)

250 3763 357 3844 Ὥσπερ
377 3763 392 3822 δ
412 3761 453 3835 ίδς
472 3761 591 3844 σίδηρον,
614 3764 699 3836 οίκιως
718 3765 733 3823 δ
753 3764 849 3844 φθόνος
868 3763 917 3840 τὴν
933 3763 1049 3842 ἔχουσαι
1069 3763 1147 3823 αθτδν
1162 3765 1252 3842 ψυχὴν
1268 3761 1447 3844 ἐξαναψήχει.

1194 3864 1263 3916 (νων.
1278 3864 1389 3914 xxmn.
1404 3865 1448 3916 οι.)

464 4003 549 4090 Ipse
572 4003 625 4091 (σί.
649 4003 748 4090 Alius,
771 4003 898 4090 Homo),
921 4003 1051 4069 *Nosce
1074 4001 1239 4088 teipsum.

252 4145 336 4192 *-*
350 4144 434 4207 Αἰδοῦ
455 4149 568 4207 σεοωτδν
590 4145 637 4208 καὶ
661 4147 749 4208 ἄλλον
773 4146 822 4206 οθκ
843 4143 1019 4230 αἷῦχυίθθσὶθ·

253 4352 261 4367 .
288 4351 296 4366 .
321 4351 328 4364 .
354 4301 406 4386 ἆρα
428 4305 559 4365 θέλουσαι

253 4408 353 4493 δρᾶσαί
373 4431 398 4470 τι
420 4410 507 4469 κακδν
529 4409 592 4482 τοὺς
612 4409 713 4488 πέλας,
737 4405 815 4467 αίιτοιὶ

251 4514 394 4590 πεισόμεθ’
406 4516 498 4596 ώσπερ
521 4514 551 4573 τδ
574 4512 688 4574 δίκαιον.

252 4669 336 4732 Αθτοί
357 4671 489 4748 χελώνας
511 4670 620 4751 ἑσθίεθ,
640 4671 716 4750 οἵπερ
740 4670 841 4730 εἵλετε.
