3532 5500
885 500 1122 565 -210-

792 691 1022 778 Mendicitas,
1045 689 1215 758 Mendiena.

403 833 485 895 Ἀλλ’
499 833 597 908 ἄλλως
619 833 736 912 κομιδῆς
758 837 927 916 κεχρημένοι
950 833 1049 916 ἄνδρες
1071 836 1173 912 ἀλῆται

402 938 538 1019 ψεύδοντ’,
552 939 608 1000 ούδ’
627 939 765 1001 ἐθέλουσιν
789 937 898 1016 ἀληθέα
920 941 1097 1016 μυθήσασθαι.

1291 1023 1362 1075 (iiam.
1377 1023 1416 1066 Od.
1432 1024 1485 1075 xlv,
1500 1028 1537 1066 tu
1550 1027 1588 1075 aq.)

402 1149 484 1211 Ἀλλ’
501 1151 562 1210 ἐπεὶ
584 1149 629 1211 οὖν
654 1151 688 1226 δὴ
712 1151 780 1230 ἔργα
802 1151 866 1211 κάκ’
880 1151 1013 1231 ἔμμαθεν,
1037 1153 1086 1211 ούκ
1108 1151 1236 1226 ἐθελήσει

404 1256 483 1335 ἔργον
508 1255 678 1336 ἐποίχεσθαι,
702 1255 779 1316 ἀλλὰ
802 1257 933 1316 πτώσσων
956 1257 1027 1316 κατὰ
1049 1256 1138 1333 δῆμον

402 1358 531 1434 βούλεται
554 1358 661 1431 αἰτίζων
684 1361 792 1435 βόσκειν
814 1363 849 1436 ἣν
871 1361 981 1440 γαστέρ’
992 1360 1118 1422 ἄναλτον.

1266 1443 1337 1494 (Hom.
1354 1443 1391 1486 0d.
1407 1443 1472 1492 ΠΗ,
1487 1447 1524 1486 826
1535 1445 1588 1494 sqq.)

402 1562 409 1576 .
435 1563 443 1576 .
468 1519 584 1588 ,κακός
608 1515 632 1575 θ’
646 1515 747 1589 αἰδοῖος
771 1519 886 1594 ἀλήθης·
1317 1600 1380 1653 (nom
1404 1600 1436 1642 0,
1457 1599 1513 1640 nvn
1533 1601 1588 1650 57⁸)

460 1759 558 1828 Mens
583 1760 635 1848 (ef.
659 1761 840 1844 Consilium,
863 1761 1005 1844 Animus,
1030 1761 1131 1844 Ratio,
1155 1760 1336 1844 Prudentia,
1361 1758 1542 1846 Sapientia),

688 1875 885 1940 *Dementia
909 1873 961 1960 (ef.
986 1875 1124 1958 Insania,
1148 1873 1312 1959 Stultitia).

401 2015 493 2078 Ἄνοια
515 2023 595 2077 πᾶσιν
619 2012 785 2097 ἐγγίγνεται,
808 2017 1014 2094 πλησιαζόντων
1036 2026 1089 2077 τῶν
1112 2023 1215 2078 κακῶν.

1307 2101 1407 2152 (appan.
1423 2099 1449 2142 de
1463 2099 1585 2149 mittitete.)

401 2173 479 2234 Ἀλλ’
502 2175 520 2249 ἡ
544 2177 668 2254 φρόνησις
691 2175 782 2254 ἀγαθὴ
805 2177 868 2247 θεός
891 2177 989 2252 μέγας.
1442 2258 1473 2306 (Β.
1489 2257 1588 2306 taeta)

404 2381 484 2426 *-*
506 2380 698 2458 Αύξανομένου
720 2389 766 2444 τού
789 2387 925 2463 σώματος,
951 2379 1124 2454 συναύξονται
1146 2385 1250 2463 φρένες·
1267 2383 1456 2462 γηράσκοντος
1479 2379 1509 2440 δέ
1530 2401 1587 2458 συγ-

401 2491 567 2568 γηράσκουσι
589 2487 636 2548 καὶ
660 2487 699 2561 εἰς
720 2490 754 2548 τὰ
776 2492 926 2569 πράγματα
947 2491 1035 2548 πάντα
1058 2486 1251 2562 ἀμβλύνονται,

1276 2570 1401 2620 (aemonae.
1417 2569 1587 2618 annexam.)

401 2652 503 2728 Γνώμη
526 2674 556 2712 τε
579 2653 692 2732 μεγάλη
717 2653 745 2713 ἐν
767 2655 862 2728 πένητι
885 2648 998 2728 σώματι.

1382 2735 1415 2786 (a.
1431 2735 1522 2783 Electra,
1536 2735 1587 2784 ιιι.)

402 2819 454 2878 Ἐκ
477 2818 502 2878 θ’
514 2819 617 2898 ὑγιείας

402 2928 506 3004 φρενῶν
528 2925 543 2982 ό
565 2929 644 2984 πᾶσιν
667 2923 746 3004 φίλιος

400 3025 448 3086 καί
469 3027 636 3100 πολύευκτος
662 3028 758 3103 ὄλβος·
1307 3110 1334 3162 (ι
1357 3109 1463 3151 numana
1486 3109 1524 3150 σοι
1537 3108 1587 3157 σοι)

400 3199 487 3261 Ἐπύιν
510 3202 525 3260 ό
548 3206 608 3272 νοῦς
629 3198 649 3284 ᾖ
672 3202 710 3276 μὴ
732 3198 909 3278 καθεστηκώς
930 3221 979 3260 τινι

400 3307 450 3367 ούκ
472 3304 526 3366 ἔστ’
550 3306 657 3366 ἀκούειν
681 3306 769 3385 αύτθν,
793 3306 839 3366 ουθ
873 3311 948 3387 ορᾶν.

1195 3387 1295 3440 (Ρίιίίοιιι.
1310 3388 1416 3437 Mainake.
1430 3399 1451 3429 τ.
1467 3387 1502 3437 Π,
1516 3399 1537 3439 μ.
1550 3387 1588 3438 et.)

407 3515 538 3594 Ιύύγένεια
560 3514 650 3575 καλόν
678 3515 739 3592 μέν,
763 3513 841 3573 ἀλλὰ
870 3515 1011 3594 προγόνων
1034 3513 1154 3592 ἀγαθῶν.
1200 3513 1324 3585 Πλοῦτος
1354 3512 1389 3588 δὴ
1420 3513 1507 3588 τίμιον
1534 3512 1587 3588 μὲν,

402 3618 481 3679 ἀλλὰ
503 3619 588 3696 τύχης
610 3623 712 3694 κτῆμα.
758 3615 831 3690 Δόξα
854 3639 888 3694 γε
915 3616 966 3693 μὲν
997 3619 1104 3697 σεμνόν,
1128 3617 1196 3676 ἀλλ’
1227 3617 1367 3692 ἀβέβαιον.
1414 3617 1532 3688 Κάλλος
1559 3613 1587 3672 δέ

400 3726 589 3804 περιμάχητον
612 3723 673 3804 μὲν,
705 3723 772 3782 ἀλλ’
802 3722 1002 3804 ὀλιγοχρόνιον.
1049 3722 1155 3800 Ὗγίεια
1185 3720 1217 3781 δὲ
1246 3721 1333 3797 τίμιον
1361 3721 1421 3802 μὲν,
1452 3720 1520 3782 ἀλλ’
1550 3721 1586 3780 εύ-

403 3830 579 3904 μετοίστατον.
596 3829 687 3906 Ἰσχύς
703 3827 733 3887 δὲ
749 3828 872 3904 ζηλωτόν
889 3828 949 3903 μὲν,
973 3826 1051 3888 ἀλλὰ
1065 3828 1137 3907 νόσῳ
1153 3825 1292 3887 εύαλυτον
1308 3825 1355 3886 καὶ
1370 3829 1453 3910 γήρᾳ.
1480 3825 1586 3887 Παιδεία

403 3931 435 3992 δὲ
457 3937 510 3992 τῶν
534 3933 563 3992 ἐν
593 3934 657 4009 ἡμῖν
689 3933 771 4009 μόνον
803 3930 872 3991 ἐστὶν
900 3932 1033 3992 ἀθάνατον
1059 3929 1106 3992 καί
1137 3933 1218 3993 θεῖον.
1265 3928 1321 3989 Καὶ
1349 3930 1396 3991 δύο
1423 3932 1458 3990 τὰ
1487 3933 1587 3992 ποίντυν

403 4034 459 4096 ἐστὶ
481 4033 633 4118 ’ωρῑώτατα
656 4037 684 4096 5⁹
708 4033 861 4118 ἀνθρωπίνῃ
884 4037 967 4116 φύσει)
990 4039 1065 4108 νοῦς
1086 4034 1133 4096 καὶ
1156 4034 1269 4116 λόγος’
1374 4119 1488 4172 (ainana
1510 4119 1587 4168 ιιιιυ)

404 4210 528 4274 Ἤκουσα
550 4212 650 4272 τούτων
674 4211 763 4293 αθτός,
786 4211 850 4272 ούδέ
872 4211 963 4292 φύεται

404 4319 555 4396 αύτόματον
578 4317 765 4398 ἀνθρώποισιν,
789 4313 812 4376 ὦ
836 4315 971 4397 βέλτιστε,
994 4319 1065 4394 νοῦς,
1090 4389 1108 4414 ¹

402 4425 493 4505 ὥσπερ
517 4422 546 4482 έν
569 4421 647 4504 ἀγρῷ
672 4422 773 4496 θύμος·
799 4421 832 4480 ἐκ
854 4419 885 4480 δὲ
907 4424 954 4481 τού
975 4421 1070 4498 λέγειν
1092 4440 1123 4478 τε
1144 4416 1191 4480 καὶ

322 4611 326 4619 ¹
402 4529 503 4610 ἑτέρων
525 4528 635 4589 ἀκούειν
661 4525 708 4587 καί
730 4527 866 4607 θεωρῆσαι
891 4571 898 4586 .
924 4572 930 4585 .
956 4575 962 4588 .

402 4631 473 4693 κατὰ
495 4635 591 4715 μικρόν
615 4629 677 4712 αίεί,
701 4652 773 4713 φασι,
796 4631 902 4709 φύονται
925 4631 1028 4709 φρένες.

1098 4713 1197 4764 (Philam.
1214 4712 1290 4794 incant.
1305 4711 1411 4764 iteinake,
1426 4723 1448 4754 τ.
1464 4709 1499 4762 IV,
1515 4723 1534 4764 φ.
1547 4709 1585 4758 tt.)
