3478 5490
838 525 1073 588 -172-

361 717 441 776 Νέων
464 715 516 796 ηάρ
540 715 645 798 ἀνδρῶν
666 717 762 779 πολλὰ
784 721 952 794 κάμπτονται
973 721 1078 801 ρρένες.
1251 806 1275 856 (Α
1306 804 1331 846 th
1382 804 1434 846 sm
1457 804 1500 844 Lu
1525 805 1559 854 6)

1278 817 1305 858 μ
1332 816 1367 845 on.
1437 835 1442 844 .
1502 833 1546 846 ..

361 878 446 942 Ξυνόν
470 880 495 940 δ’
507 881 659 962 ἀνθρώποις
681 883 860 965 ὑποθήσομαι,
884 885 950 966 όρρα
972 907 1013 958 τις
1034 887 1106 962 ἥβης

463 985 569 1066 ἀγλαόν
594 989 674 1061 άνθος
697 989 769 1068 ἔχων
792 989 838 1050 καὶ
861 989 950 1070 φρεσὶν
975 991 1060 1051 έσθλά
1083 997 1143 1073 νοῇ,

360 1095 412 1151 τῶν
436 1091 523 1151 αἰτιῶν
545 1094 666 1152 κτεάνων
689 1089 718 1152 εὖ
740 1096 893 1173 πασχέμεν.
917 1097 947 1156 σθ
969 1095 1023 1176 γὰρ
1046 1095 1150 1171 ἀνηβᾶν
1186 1173 1187 1176 ¹

464 1193 505 1268 δὶς
526 1195 641 1256 πέλεται
662 1198 729 1278 πρός
751 1199 832 1279 θεῶν,
856 1199 918 1260 οθάὲ
940 1199 1018 1272 λύσις
1040 1201 1154 1260 θανάτου

359 1300 466 1374 θνητοῖς
489 1299 667 1380 ἀνθρώποισι·
690 1302 775 1362 κακόν
799 1302 823 1361 δ’
836 1301 880 1363 ἐπὶ
901 1309 990 1383 γῆρας
1013 1303 1128 1382 ἐλέγχει

466 1403 625 1487 οὐλόμενον,
647 1407 772 1485 κεφαλῆς
795 1405 819 1464 θ’
832 1409 943 1467 ἅπτεται
965 1407 1124 1489 ἀκροτάτης.

1306 1490 1429 1543 (magnis.
1446 1493 1498 1532 1007
1510 1491 1558 1541 ιο.)

360 1597 396 1657 Οἱ
422 1599 478 1656 νέοι
505 1596 615 1671 μᾶλλον
639 1595 773 1676 αἱροῦνται
799 1599 923 1678 πράττειν
950 1598 984 1657 τά
1011 1598 1088 1658 καλά
1113 1606 1166 1660 τῶν
1195 1601 1400 1679 συμφερόντων·
1430 1598 1468 1677 τῷ
1496 1593 1558 1676 γὰρ

359 1702 422 1776 ἡδεῖ
445 1704 508 1774 ζῶσι
531 1702 652 1782 μᾶλλον,
675 1705 693 1777 ἢ
716 1700 754 1780 τῷ
776 1700 913 1781 λογισμῷ.
1317 1760 1436 1838 mm
1451 1785 1558 1834 mmor)

360 1863 449 1947 Οἶσθ,
472 1859 526 1928 οἷαι
547 1869 609 1928 νέου
632 1865 729 1948 ἀνδρός
752 1867 910 1947 ὑπερβασίαι
932 1868 1087 1929 τελέθουσι·

358 1973 550 2054 κραιπνότερος
573 1972 699 2053 μὲνγάρ
722 1993 751 2033 τε
774 1975 845 2053 νόος,
868 1973 956 2048 λεπτὴ
981 1973 1063 2032 θέτε
1087 1977 1176 2050 μῆτις.
1271 2057 1299 2108 (Η
1360 2056 1378 2096 H
1401 2056 1436 2097 xx
1458 2057 1499 2098 589
1550 2057 1558 2104 )

1300 2067 1342 2096 um.
1381 2087 1385 2097 .
1439 2087 1444 2104 .
1510 2067 1546 2105 ὅθ·

358 2135 438 2184 *-*
453 2138 528 2219 Ὁρῶ
550 2133 605 2218 γὰρ
627 2137 699 2214 ἥβην
721 2139 769 2213 τὴν
792 2137 844 2212 μὲν
867 2140 998 2218 ἓρπουσαν
1021 2141 1123 2219 πρόσω,

359 2243 407 2318 τἠν
431 2243 463 2302 δὲ
485 2242 643 2321 ηθὶνουοαν·
666 2236 704 2302 ὧν
727 2242 892 2322 ἀφαρπάζειν
916 2241 989 2322 ριλεϊ
1132 2237 1135 2242 ’

359 2347 501 2427 ὀφθαλμός
523 2347 619 2420 ἀνθος·
642 2353 695 2407 τῶν
719 2345 916 2427 θ”υπεκτρέπει
937 2347 1018 2408 πόδα.

1323 2431 1355 2481 (s.
1369 2431 1445 2472 mh.
1460 2433 1498 2471 σιτ
1507 2431 1558 2480 ις.)

360 2512 458 2584 Ὅστις
479 2513 542 2584 νέος
564 2515 601 2572 ὢν
625 2513 742 2571 Μουσῶν
766 2511 877 2592 ἀμελεῖ,

358 2619 404 2676 τόν
426 2638 456 2676 τε
477 2616 638 2696 παρελθόντ’
652 2615 785 2676 ἀπόλωλε
806 2619 905 2697 χρόνον

358 2719 406 2780 καὶ
427 2722 471 2782 τόν
495 2720 637 2796 μέλλοντα
658 2722 781 2798 τέθνηκε.

1397 2805 1429 2846 ιε.
1444 2803 1479 2844 rr.
1493 2803 1558 2852 σοι)

361 2935 368 2949 .
394 2931 400 2947 .
426 2935 433 2950 .
457 2886 507 2946 οθκ
530 2886 609 2966 ἔστιν,
633 2887 707 2958 όπως

359 2992 430 3068 ἥβην
452 2993 545 3066 κτήσει
567 2988 652 3051 πάλιν
675 2987 759 3063 αὖθις.

1285 3074 1318 3126 (Ε.
1333 3073 1443 3116 Ησιισλὶθ.
1459 3075 1497 3115 ’107
1507 3073 1556 3124 οη.)

359 3158 399 3216 To
422 3156 475 3236 γάρ
497 3158 593 3227 νεάζοι
617 3157 645 3216 ἐν
668 3156 782 3217 τοιοῖσδε
806 3156 932 3231 βόσκεται

358 3264 486 3340 χώροισιν
510 3261 598 3340 αὑτοῦ,
621 3261 667 3320 καί
688 3281 727 3319 νιν
750 3259 779 3318 οὺ
801 3259 906 3330 θάλπος
929 3262 1000 3340 θεοῦ,

359 3365 416 3425 οὔδ’
438 3363 552 3444 όμβρος,
575 3363 637 3424 οθθὲ
657 3367 816 3439 πνευμάτων
837 3363 913 3424 οὺθὲν
933 3364 1038 3444 κλονεῖ,

359 3471 427 3530 ἀλλ’
439 3470 551 3548 ἡδοναῖς
574 3471 696 3548 ἀμοχθον
721 3466 822 3550 ἐξαίρει
845 3469 911 3544 βίον.

1310 3553 1340 3604 (S.
1356 3552 1431 3592 Tnch.
1447 3554 1485 3592 lu
1493 3551 1555 3601 sqq.)

361 3681 366 3694 .
393 3681 399 3696 .
425 3683 432 3695 .
456 3637 629 3711 τολμητέον·

361 3741 465 3817 μόχθος
486 3739 540 3818 γάρ
563 3737 652 3811 οὐδεὶς
673 3741 729 3810 τοῖς
752 3739 823 3810 νέοις
846 3742 942 3816 σκῆψιν
964 3741 1048 3820 φέρει.

602 3851 603 3854 ¹
1271 3825 1305 3874 (κ.
1322 3823 1391 3876 mig.
1407 3823 1431 3863 τ.
1448 3823 1554 3872 nosqq.)

360 3929 491 3990 Χαλεπόν
522 3931 772 4007 καταμαντεύεσθαι
800 3928 862 4010 περὶ
893 3935 947 3990 τῶν
980 3933 1064 3990 νέων·
1101 3931 1269 4008 ἀστόχαστος
1295 3931 1349 4010 γὰρ
1376 3927 1473 4006 ἡλικία
1504 3928 1555 3989 καὶ

361 4035 471 4104 πολλάς
495 4035 597 4114 ἔχουσα
619 4034 787 4114 μεταβολὰς,
810 4031 916 4096 άλλοτε
940 4035 983 4095 ἐπ’
997 4035 1070 4096 ἀλλο
1092 4038 1239 4118 φερομένη.

1204 4137 1352 4188 (Ὴιουμθηιθ.
1368 4137 1428 4178 stab.
1443 4135 1492 4186 LII,
1507 4135 1553 4186 15.)

401 4291 535 4378 Labor,
559 4291 736 4358 Aerumnae
759 4293 812 4380 (of.
836 4292 973 4378 Pigritia‚
997 4293 1148 4376 Ignavia3
1172 4293 1353 4377 Diligentia,
1377 4293 1513 4378 Virtus);

360 4433 497 4511 Ἄμοχθος
519 4433 573 4513 γὰρ
595 4428 730 4505 οθδείς·ό
752 4431 874 4518 δ’,ἥκισέ

361 4537 435 4614 έχων
458 4532 639 4616 μακάρτατος.

362 4701 443 4782 Ἀνὴρ
464 4701 518 4782 γὰρ
541 4700 612 4774 όστις
633 4703 782 4782 χρημάτων
804 4701 856 4778 μὲν
880 4699 985 4779 ἐνδεὴς,
