3516 5500
673 539 902 602 „339.„

186 727 396 802 *-*“Απλοῦς
418 732 433 790 δ
456 732 539 806 μῦθος
561 735 611 806 τῆς
633 729 765 807 ἀληθείας
788 732 844 810 ἔφυ,

186 835 235 894 κοίι
257 834 389 895 ποικίλων
413 835 455 895 δεῖ
476 835 582 913 τάνδιχ’
596 835 827 916 ἑρμηνευμάτων·

188 937 247 1016 ἔχει
269 939 324 1018 γὰρ
347 939 415 998 αἰπὰ
436 942 545 1019 καιρόν·
569 942 584 999 ό
608 939 633 1000 δ’
646 939 740 1014 ἄδικος
761 941 849 1018 λόγος

185 1047 273 1102 νοσῶν
298 1044 327 1102 ἐν
349 1041 421 1122 αότῷ
443 1045 593 1125 φαρμάκων
617 1043 702 1104 δεῖται
723 1051 821 1125 σοφῶν.

1131 1130 1164 1180 (Β.
1180 1130 1260 1172 Ρίισοιι.
1275 1133 1380 1182 wssqq.)

187 1251 240 1312 Διδι
271 1255 372 1326 παντός
403 1256 503 1334 χρόνου
531 1255 580 1330 τὴν
606 1255 740 1330 ἀλήθειαν
761 1253 854 1334 φαίνου
876 1261 1023 1336 προτιμῶν,
1055 1257 1094 1328 ὡς
1116 1258 1287 1338 πιστοτέρους
1310 1253 1379 1316 εἶναι

185 1357 249 1430 τοὺς
271 1357 334 1428 σοὶις
358 1357 460 1437 λόγους
481 1361 499 1433 ἢ
522 1360 584 1431 τοὺς
607 1359 703 1419 ἄλλων
726 1361 832 1440 ὅρκους.

984 1443 1058 1496 (lsoor.
1073 1444 1134 1486 Βίου.
1151 1445 1179 1486 H.
1194 1445 1252 1486 Flor.
1266 1445 1320 1494 xxl,
1337 1446 1379 1496 ιδ’.)

187 1547 260 1610 *Δεῖ
280 1548 315 1610 τόι
339 1549 391 1627 μὲν
413 1549 506 1612 εἰκότα
528 1553 634 1632 λέγειν,
656 1551 691 1612 τὰ
708 1551 733 1611 δ’
747 1551 880 1630 ἀμήχανα
903 1558 1017 1613 σιωπᾶν.

964 1637 1052 1686 (Thalos
1066 1648 1099 1687 σμ
1116 1637 1224 1678 Plutarch.
1240 1637 1275 1677 Or.
1291 1637 1308 1686 Ι,
1325 1637 1379 1687 178.)

186 1723 300 1798 Δόπην
313 1723 433 1804 ἀλήθει’,
456 1727 495 1797 ὡς
518 1725 547 1785 ἐν
569 1726 600 1786 ο“υ
622 1724 708 1807 καιρῷ
730 1727 820 1806 πάρει.

1171 1811 1204 1862 (θ.
1220 1811 1296 1852 Bacch.
1312 1813 1380 1861 1288.)

189 1892 423 1976 *-*Δόσπηνος,
447 1899 519 1970 ὅστις
540 1897 587 1959 καί
609 1899 644 1959 τόι
665 1899 742 1960 καλόι
764 1899 849 1976 ψευδῆ
873 1900 966 1980 λέγων

188 2001 220 2060 οὺ
244 1999 333 2061 τοῖσδε
355 2008 455 2082 χρῆται
476 2005 533 2074 τοῖς
554 2003 652 2076 καλοῖς
675 2004 815 2079 ἀληθέσιν.

1146 2089 1179 2140 (E.
1197 2089 1230 2132 Fr.
1247 2088 1322 2130 incert.
1340 2091 1381 2140 14.)

189 2204 196 2216 .
223 2204 230 2216 .
258 2205 264 2218 .
288 2155 313 2217 εί
336 2156 368 2217 δὲ
390 2159 429 2234 μὴ
452 2159 531 2238 λέγω
553 2160 628 2240 φιλο,

187 2261 242 2338 οίιχ
263 2261 375 2342 ἥδομαι,
398 2264 428 2322 τό
451 2263 476 2324 δ’
489 2264 567 2344 όρθόν
591 2259 810 2346 ἐξείρηχ’όμως.

1151 2351 1182 2402 (s.
1198 2351 1273 2391 νηιιι.
1290 2353 1383 2402 τινες.)

188 2434 223 2495 Εἰ
245 2436 408 2518 κερτόμησίς
431 2439 486 2499 ἐστι
508 2439 615 2516 τάληθῆ
638 2440 742 2520 λέγειν.

1157 2525 1188 2574 (S.
1204 2525 1296 2567 Philoet.
1313 2527 1381 2576 12³⁶.)

188 2593 237 2652 Ἐν
261 2593 333 2674 βυθῷ
355 2595 409 2676 γὰρ
430 2599 517 2656 κεῖται
539 2598 557 2673 ἡ
581 2593 707 2673 ἀλήθεια.

1265 2683 1382 2733 (nemeen)

190 2767 358 2850 Ἐλευθέρου
380 2770 434 2850 γὰρ
458 2771 557 2852 ἀνδρὸς
578 2771 685 2850 τάληθῆ
709 2773 812 2853 λέγειν.

1115 2857 1184 2907 (stab.
1202 2857 1218 2906 1.
1235 2861 1266 2899 10.
1282 2858 1383 2908 Μοιιοσι.)

191 2969 686 2990 ................
712 2930 821 3010 ἔρχεται

190 3028 313 3104 τάληθὲς
335 3028 375 3102 εἰς
397 3038 453 3110 φῶς
477 3027 556 3092 ἐνίοτ’
569 3035 599 3093 οίι
622 3035 793 3110 ζητούμενον.
823 3032 826 3040 '

1006 3119 1072 3170 (Men.
1088 3117 1192 3166 ueineke,
1208 3130 1229 3158 v.
1240 3117 1274 3166 IV,
1290 3131 1310 3168 μ
1328 3121 1383 3168 198.)

1291 3227 1314 3244 w

193 3219 276 3300 Ἔχει
305 3244 329 3282 τι
358 3226 453 3305 πικρόν
483 3226 498 3283 ό
528 3231 576 3302 τῆς
607 3225 740 3301 ἀληθείας
769 3227 866 3306 λόγος,
899 3226 1010 3286 ἐπειδάν
1041 3249 1080 3297 τις
1111 3227 1220 3306 ἀκράτῳ
1248 3227 1383 3308 παρρησίᾳ

191 3329 336 3405 χρώμενος
360 3329 493 3407 μεγάλων
514 3329 679 3410 προσδοκίαν
702 3331 855 3411 ἀφαιρῆται,
877 3329 912 3389 τὰ
935 3331 966 3390 δὲ
987 3338 1108 3412 προσηνῆ
1131 3329 1177 3390 καὶ
1200 3330 1285 3408 ψευδῆ
1301 3330 1383 3414 πείθη

192 3432 255 3501 τοὺς
277 3432 434 3504 ἀκούοντας.

887 3518 959 3570 (Dion.
975 3519 1089 3568 Romanus,
1104 3517 1163 3559 θυοδ.
1180 3518 1208 3558 M.
1223 3518 1255 3558 1³1.
1272 3518 1324 3566 xm,
1342 3520 1383 3568 17.)

193 3641 291 3715 Ζητῶν
313 3641 362 3716 τὴν
385 3641 527 3722 ἀληθειαν,
551 3644 581 3702 οὺ
604 3645 728 3719 ζητήσεις
757 3645 787 3703 τό
812 3645 844 3703 ἐκ
865 3645 965 3716 παντός
991 3647 1088 3723 τρόπον
1112 3649 1201 3704 νικᾶν·
1224 3642 1271 3704 καὶ
1301 3643 1384 3724 εὑρὼν

193 3745 242 3819 τὴν
265 3745 408 3826 ἀλήθειαν,
433 3743 504 3819 ἕξεις
526 3747 556 3806 τό
580 3747 617 3822 μὴ
641 3749 773 3808 νικᾶσθαι.

1093 3832 1196 3884 (Epictet.
1212 3832 1271 3876 Stob.
1288 3831 1312 3881 V,
1329 3834 1385 3881 105.)

196 3938 230 3996 ‘H
255 3937 372 4012 ἀλήθεια
396 3939 489 3999 δάκνει
503 3941 592 4018 ψυχὴν
608 3944 747 4019 νοσοῦσαν,
764 3942 856 4022 ὥσπερ
871 3939 918 4000 καὶ
935 3941 1001 4016 με’λι
1017 3947 1098 4015 σῶμα
1113 3941 1382 4021 τετραυματισμένου.

1084 4042 1123 4092 (ιι.
1139 4041 1197 4084 εισι.
1214 4043 1270 4082 νισι.
1287 4042 1339 4090 xm,
1354 4043 1385 4092 ι.)

196 4145 323 4206 *-*Ἧ
346 4149 463 4223 ἀλήθεια
486 4150 549 4228 παρ’
562 4150 628 4232 αὐτῇ
650 4151 723 4231 νικᾷ,
746 4153 765 4227 ἡ
789 4151 820 4212 δὲ
844 4148 911 4222 δόξα
932 4150 1006 4230 παρὰ
1027 4151 1084 4236 τοῖς
1108 4147 1172 4222 ἔξω.

1098 4251 1199 4302 (Epictet.
1215 4251 1274 4292 seob.
1290 4251 1314 4300 V.
1331 4255 1386 4302 1⁰6.)

193 4320 312 4401 Θάρσει·
338 4323 432 4400 λέγων
455 4323 585 4402 τάληθές,
609 4325 640 4383 σὺ
662 4325 760 4402 σφαλεϊ
781 4345 856 4386 ποτε.

1231 4409 1263 4458 ιιι,
1281 4409 1314 4449 τι.
1329 4411 1385 4458 513.)

195 4494 275 4540 *-*
288 4495 365 4556 Ἴσκε
389 4497 492 4574 ψευδέα
514 4496 611 4557 πολλὰ
632 4498 725 4576 λέγων
750 4498 881 4572 ἐτύμοισιν
905 4491 995 4573 όμοία.

1121 4581 1192 4632 (Hom.
1208 4581 1245 4622 Od.
1260 4583 1314 4630 xlx,
1329 4585 1385 4632 2⁰³.)

195 4655 291 4714 Καλόν
314 4656 342 4734 γ’
356 4655 463 4730 ἀληθὴς
486 4655 602 4730 κάτενὴς
624 4654 771 4736 παῤῥησία.
1129 4739 1144 4778 F
1168 4738 1183 4778 F
1217 4739 1233 4778 Τ
1347 4739 1368 4778 11

1118 4741 1150 4786 (κ
1184 4749 1201 4778 ν.
1235 4750 1331 4779 emenus.
1370 4743 1385 4789 ,γ

1180 4809 1230 4858 22*
