3476 5490
542 1477 544 1482 ’
648 1545 1077 1652 rnnnrnrro

355 1818 412 1893 llll
434 1818 557 1896 LIBRI
581 1817 765 1908 caletur,
790 1820 1089 1908 Prorulurl'ru
1113 1824 1222 1909 FlNll,
1247 1825 1335 1902 USH.

363 2301 468 2404 Libri
491 2349 605 2405 auctor
627 2339 681 2406 vel
704 2343 812 2430 potius
834 2341 1035 2436 compilator,
1060 2344 1116 2428 qui
1140 2344 1242 2406 vitam
1259 2353 1291 2407 et
1307 2365 1442 2430 operam

249 2468 344 2554 longe
374 2469 447 2534 aliia
477 2473 651 2559 propositis
682 2473 852 2560 impendit,
884 2475 1015 2560 quique,
1047 2483 1083 2537 ut
1105 2474 1245 2557 nomine,
1279 2473 1367 2560 quod
1393 2497 1441 2539 as-

156 2599 161 2608 '
250 2602 399 2686 sumpsit,
422 2603 538 2686 innuit,
562 2605 690 2669 nonnisi
714 2613 820 2669 aetate
844 2606 909 2669 iam
933 2614 1109 2691 provectus
1125 2603 1329 2670 Graecorum
1346 2606 1441 2688 σοφίαν

248 2733 335 2812 λόγου
362 2731 532 2816 addidicit,
555 2735 602 2798 ita
624 2745 660 2798 ut
691 2756 767 2800 cum
790 2733 948 2800 Cicerone
978 2735 1088 2799 dicere
1116 2736 1231 2821 possit:
1257 2757 1338 2822 „ego
1368 2758 1440 2801 sero

248 2882 385 2946 graecas
418 2863 543 2928 litteras
578 2865 704 2950 attigi“,
743 2866 799 2929 otii
832 2864 1015 2930 intervallis
1049 2867 1252 2932 Graecorum
1288 2869 1438 2952 tragicos,

250 2993 400 3078 comicos,
429 2993 508 3059 alios
532 3003 645 3082 poetas
667 2995 775 3082 legere
799 3006 1023 3063 consueverat.
1071 2998 1146 3078 Qua
1168 2998 1201 3061 in
1225 2999 1438 3086 occupatione

248 3127 358 3190 omnia
380 3137 562 3192 memoratu
578 3129 678 3213 digna
693 3131 823 3216 proprio
839 3131 913 3194 usui
929 3128 1120 3194 exscribere
1136 3128 1270 3194 solebat.
1305 3128 1438 3193 Postero

247 3267 356 3322 autem
387 3268 534 3344 tempore
567 3258 739 3344 intellexit,
770 3259 899 3324 inutilia
930 3259 1009 3338 fore,
1041 3283 1124 3348 quae
1155 3259 1343 3346 exscripsit,
1376 3259 1438 3322 nisi

248 3409 361 3452 eorum
382 3389 525 3453 indicem
547 3391 775 3476 composuerit.
809 3391 980 3476 Excerpta
1003 3391 1102 3475 igitur
1125 3389 1223 3454 talem
1247 3391 1279 3452 in
1305 3386 1438 3452 modum

248 3518 461 3612 digessithut,
486 3541 570 3606 quae
592 3521 632 3584 iis
652 3521 763 3586 insunt
779 3521 910 3606 cognita
924 3520 1119 3608 principalia
1141 3519 1251 3588 latinis
1268 3519 1437 3584 vocabulis

248 3659 414 3736 concepta,
438 3649 471 3712 in
495 3649 641 3714 ordinem
664 3648 910 3737 alphabeticum
940 3650 1112 3738 redigeret.
1159 3651 1234 3732 Quo
1264 3651 1297 3713 in
1324 3649 1436 3716 labore

247 3779 392 3846 nonnulli
414 3782 511 3846 amici
536 3783 624 3846 docti
647 3781 1029 3870 eumdcprehendentes
1052 3792 1248 3847 monuerunt
1263 3791 1362 3869 atque
1383 3806 1436 3869 ap·

246 3921 366 3996 tarunt,
391 3914 483 3977 utin
507 3911 676 4001 publicum
699 3913 821 3999 ederet,
850 3936 934 4000 quae
957 3913 1020 3978 sihi
1043 3923 1170 3978 tantum
1194 3913 1436 3996 destinaverat3

247 4045 369 4130 diuque
385 4053 557 4108 cunctatus
573 4053 606 4108 et
621 4045 728 4132 operis
744 4043 930 4132 imperfecti
945 4043 1007 4110 sibi
1024 4045 1183 4129 conscius,
1200 4066 1287 4108 nunc
1302 4045 1435 4108 demum

246 4176 333 4262 quod
357 4185 514 4261 rogarunt
536 4175 646 4240 facere
670 4177 846 4242 constituit.

349 4306 420 4370 Iam
451 4307 579 4393 pridem
608 4328 686 4370 vero
717 4306 820 4371 multa
850 4305 1037 4372 huiuamodi
1067 4303 1227 4391 florilegia
1250 4316 1282 4368 et
1303 4326 1434 4390 graeca-

245 4461 316 4502 rum
342 4439 576 4504 scntentiarum
607 4438 753 4526 syllegae
784 4436 891 4502 editae
924 4447 1008 4522 sunt,
1040 4459 1083 4502 ex
1114 4435 1232 4522 quibus
1262 4433 1435 4500 nonnullas

245 4583 381 4654 tantum,
406 4581 441 4634 ut
464 4569 532 4636 Ich.
550 4569 693 4655 Stohaei,
717 4569 889 4636 Michaelis
905 4568 1051 4634 Neandri
1073 4579 1106 4632 ct
1120 4567 1250 4634 Erasmi
1267 4565 1435 4633 Chiliades

245 4723 426 4766 memorare
449 4700 540 4767 libet.
