3476 5490
768 512 982 568 ..Iv-

383 700 533 780 Quorum
556 699 681 785 primns
708 711 742 762 et
764 700 967 787 copiosorem
998 695 1130 784 quidem
1161 695 1313 760 brevium
1344 705 1468 758 senten-

279 833 398 896 tiarum
422 853 464 895 ex
488 832 591 918 poetis
614 830 751 918 aliisque
774 829 989 917 scriptoribus
1011 828 1186 911 delectum,
1214 826 1333 913 quibus
1356 838 1389 890 et
1411 847 1473 889 nos

281 964 329 1027 usi
353 985 476 1044 sumus,
500 973 532 1025 et
555 963 683 1046 integra
705 963 814 1049 capita
836 961 999 1048 pedestris
1021 961 1176 1024 orationis
1198 967 1380 1037 auctorum,
1411 954 1470 1020 sed

279 1091 322 1157 ad
344 1091 554 1178 allegandum
580 1094 687 1156 minus
711 1093 838 1175 idonea,
862 1091 987 1179 publici
1010 1092 1090 1155 iuris
1111 1090 1205 1172 fecit3
1236 1111 1337 1176 quum
1359 1098 1470 1152 tamen

280 1224 369 1287 dicta
381 1224 550 1288 sententiis
565 1233 652 1311 apta,
669 1245 870 1310 quamquam
884 1225 1032 1305 virtutes,
1048 1223 1130 1286 vitia
1143 1222 1295 1306 vitaeque
1311 1221 1470 1283 rationem

281 1376 343 1416 non
368 1355 554 1436 tractantia,
577 1365 611 1417 et
633 1376 771 1441 qnorum
794 1354 883 1442 apud
897 1375 1035 1440 graecos
1050 1353 1212 1440 imprimis
1232 1359 1346 1438 poetas
1370 1347 1472 1413 multa

282 1485 498 1572 reperiuntur,
522 1507 627 1572 paene
650 1483 844 1571 neglexerit.

385 1633 505 1698 Noster
526 1645 638 1698 antem
661 1633 746 1698 liber
768 1635 829 1697 etsi
852 1656 916 1698 non
939 1635 1047 1717 unice,
1071 1633 1265 1720 praesertim
1293 1643 1402 1696 tamen
1434 1652 1472 1694 eo

282 1775 419 1851 spectat,
443 1777 479 1829 ut
502 1788 601 1852 quam
624 1765 782 1853 plurimas
805 1775 973 1854 po'e'tarnm
995 1763 1110 1847 γνώμας
1133 1788 1265 1853 easque,
1289 1765 1403 1852 paucis
1418 1787 1473 1827 ex-

283 1898 397 1983 ceptis,
421 1895 527 1962 forma
550 1919 649 1983 quam
675 1895 877 1980 brevissima,
910 1899 1082 1984 quinorum
1114 1920 1270 1961 versuum
1300 1917 1472 1960 numerum

283 2049 345 2090 non
369 2027 562 2110 excedente,
586 2039 757 2114 congestas
780 2027 925 2115 praebet.

390 2173 488 2254 Quod
509 2175 685 2240 Erasmum
709 2179 836 2258 attinet,
867 2179 937 2241 eius
960 2176 1127 2242 Chiliades
1150 2176 1278 2240 nonnisi
1300 2173 1418 2238 brevia
1442 2186 1476 2238 et

285 2307 377 2392 quasi
400 2307 575 2372 decantata
597 2307 717 2394 adagia
739 2311 915 2394 continent,
939 2319 1036 2396 prout
1058 2309 1157 2374 latine
1173 2307 1227 2372 vel
1242 2329 1360 2392 graece
1377 2307 1475 2370 certis

285 2436 487 2524 temporibus
518 2441 550 2502 in
580 2441 726 2504 omnium
756 2463 812 2504 ore
842 2439 1068 2524 versabantur,
1099 2462 1184 2526 quae
1215 2437 1412 2504 doctissimis
1444 2448 1477 2501 et

286 2570 552 2653 ingeniosissimis
576 2570 927 2655 animadversionibus,
949 2571 1063 2656 longas
1083 2573 1279 2658 paginarum
1295 2572 1397 2634 series
1420 2571 1476 2632 im·
1567 2567 1572 2576 ’

286 2699 462 2786 plentibns,
487 2701 651 2766 instruxit.
698 2701 846 2781 Quorum
869 2700 1012 2788 plurima
1038 2702 1203 2766 innostro
1234 2723 1363 2788 quoque
1393 2699 1477 2764 libro

288 2831 506 2914 invenientur,
530 2854 729 2919 quamquam
753 2834 881 2898 nonnisi
904 2833 1060 2918 exiguam
1076 2832 1174 2896 huius
1190 2830 1390 2896 collectionis
1408 2853 1477 2917 par-

287 2975 352 3025 tem
366 2961 535 3048 exhibent,
548 2986 587 3028 ee
600 2966 776 3051 praecipue
789 2972 957 3050 poetarum
970 2965 1185 3050 respicientis,
1199 2985 1282 3050 quae
1292 2985 1404 3028 omnes
1415 2961 1477 3026 for·

288 3104 386 3156 tunae
400 3093 491 3159 vices
504 3094 556 3158 vel
569 3117 665 3159 sensu
676 3097 817 3182 proprio,
832 3094 886 3160 vel
895 3095 1026 3182 oblique
1034 3118 1092 3183 per
1100 3094 1291 3160 allusionem
1305 3093 1477 3159 illustrant.

392 3240 526 3306 Stobaei
557 3265 635 3307 vero
666 3255 766 3330 atque
797 3243 927 3308 Erasmi
958 3255 1118 3330 excerpta
1148 3265 1210 3308 non
1239 3244 1272 3307 in
1296 3245 1336 3307 iis
1364 3241 1478 3325 solum,

290 3395 373 3459 quae
397 3375 575 3456 continent,
607 3375 664 3437 sed
696 3375 730 3438 in
754 3375 850 3439 modo
882 3375 990 3458 etiam,
1022 3396 1085 3460 qno
1116 3371 1245 3458 singula
1274 3375 1307 3436 in
1331 3371 1478 3436 ordinem

290 3503 424 3568 redacta
447 3517 531 3589 sunt,
555 3504 597 3569 ab
621 3504 683 3568 hoc
704 3527 802 3592 opere
820 3503 917 3570 valde
933 3503 1130 3591 discrepant.
1171 3505 1303 3592 Quippe
1319 3503 1480 3580 Stobaeus

291 3635 433 3700 indicem
457 3646 589 3700 centum
613 3657 653 3700 ac
672 3637 790 3721 viginti
813 3659 871 3699 sex
888 3635 1123 3701 vocabulorum
1139 3637 1333 3722 composuit,
1356 3657 1400 3698 ex
1415 3635 1480 3698 vir-

290 3777 407 3849 tutum,
431 3767 596 3849 vitiorum,
621 3789 730 3830 rerum
753 3769 786 3830 in
810 3769 898 3831 vitae
927 3789 989 3831 usu
1018 3765 1265 3831 obvenientium
1297 3765 1481 3829 denomina-

292 3895 435 3962 tionibus
466 3908 679 3981 constantem,
714 3899 792 3962 dum
825 3909 933 3962 noster·
963 3899 1076 3984 exigui
1106 3897 1254 3984 glossarii
1287 3898 1482 3984 praecipuas

293 4049 391 4092 voees
414 4027 652 4114 complectitur.
690 4029 847 4093 Erasmus
870 4039 980 4093 autem
996 4028 1128 4114 Adagia
1149 4029 1182 4092 in
1206 4029 1341 4093 latinum
1365 4049 1482 4092 sermo-

293 4181 366 4223 nem
386 4181 483 4222 verse
506 4157 686 4222 secundum
709 4157 849 4243 saecula,
874 4159 992 4246 quibus
1015 4159 1227 4223 usitatissima
1249 4168 1351 4243 erant,
1377 4159 1482 4222 distri-

293 4289 382 4373 buit3
406 4300 439 4354 et
461 4311 659 4375 quamquam
682 4287 825 4354 indicem
849 4289 962 4354 ordine
978 4289 1186 4376 alphabetico
1202 4290 1353 4375 reddidit,
1373 4288 1482 4354 nihilo-

294 4422 401 4485 minus
423 4420 537 4485 lectori
559 4418 761 4506 aliquantum
785 4419 988 4484 difficultatis
1011 4422 1082 4505 erit,
1106 4419 1214 4485 locum
1237 4419 1379 4507 aliquem
1403 4419 1483 4484 cele-

293 4553 372 4616 riter
401 4551 547 4616 invenire
574 4551 728 4636 cupienti.
763 4549 860 4630 Quod
891 4552 1008 4638 cuique
1040 4550 1249 4616 manifestum
1277 4561 1335 4634 est,
1359 4551 1386 4613 si
1414 4551 1483 4614 eius

296 4681 467 4750 methodus
490 4705 563 4747 cum
588 4693 697 4748 nostra
720 4681 914 4748 conferatur.
