3532 5500
707 533 946 598 -241-

230 729 393 807 πεφευγέναι
415 729 445 787 τό
468 729 539 789 θείσν
562 730 601 800 ὡς
623 729 796 809 λελυθόταςς

233 834 320 892 ἔστιν
343 831 444 908 Δίκης
466 834 650 912 δρθαλμδς,
674 835 709 905 δς
731 834 770 892 τά
791 834 965 915 πάνθ’όρᾷ.

1022 917 1121 968 (Philem.
1135 916 1241 966 Μοίσοὶο,
1257 929 1277 958 ν.
1293 917 1328 968 Π,
1344 929 1365 968 ρ.
1381 917 1425 968 67.)

232 998 337 1075 Ὀμμα
359 999 436 1076 δίκης
458 999 565 1082 καθορᾷ
585 1002 672 1058 πάντα
694 999 729 1058 τὰ
750 1001 911 1077 γιγνόμενα.

1048 1081 1137 1134 (Incerti
1151 1083 1253 1132 οσοίοιίε,
1269 1083 1328 1124 stob.
1345 1082 1380 1132 lx,
1395 1084 1426 1134 2.)

234 1211 241 1224 .
268 1211 275 1224 .
300 1209 306 1224 .
330 1167 385 1244 όρῶ
407 1165 461 1245 γάρ
485 1165 514 1224 έν
536 1167 629 1244 χρόνῳ

233 1267 318 1344 Δίκην
342 1269 437 1330 ἅπαντ’
451 1270 569 1346 ἄγουσαν
592 1267 631 1340 εἰς
653 1271 722 1347 φάος
744 1269 862 1348 βροτοῖς·
1175 1353 1202 1404 ,Β
1224 1353 1252 1394 rr
1274 1351 1325 1394 oed'
1363 1349 1426 1402 m)

1204 1382 1209 1392 ,
1253 1381 1259 1392 .
1320 1363 1348 1402 up.
1411 1383 1416 1394 .

234 1440 330 1513 Ὅστις
353 1443 384 1502 δὲ
407 1444 510 1519 θνητῶν
535 1445 669 1522 μέμφεται
690 1444 724 1502 τά
746 1445 807 1523 θεῖ’,
831 1445 869 1502 ότι

235 1550 284 1608 οθκ
306 1549 392 1626 εθθίις,
416 1547 493 1607 ἀλλὰ
515 1547 554 1626 τῷ
576 1550 667 1628 χρόνῳ
690 1551 852 1628 μετέρχεται

233 1654 296 1724 τοὺς
319 1655 357 1727 μὴ
381 1652 511 1726 δικαίους,
534 1656 664 1732 πρόφασιν
687 1651 878 1714 εἰσακουσάτω.

176 1825 181 1835 ¹
235 1756 258 1816 εί
283 1758 410 1836 μὲνγὰρ
433 1757 517 1815 αθτίκ’
530 1753 599 1832 ἦσαν
622 1757 650 1816 αί
672 1757 805 1837 τιμωρίαι,

234 1860 337 1921 πολλοί
359 1860 404 1920 διὰ
426 1861 519 1940 ρόβον,
541 1861 590 1920 κοθ
614 1861 648 1920 δι’
663 1862 761 1937 εθσεβῆ
784 1865 882 1942 τρόπον

235 1967 315 2037 θεοὺς
337 1965 452 2040 σέβοιντ’
465 1961 514 2024 σίν·
539 1969 582 2024 νῦν
606 1965 637 2024 δὲ
660 1972 709 2039 τῆς
731 1965 862 2046 τιμωρίας

237 2071 345 2132 ἄπωθεν
368 2068 448 2144 οὔσης
470 2075 504 2150 τῇ
527 2069 600 2146 ρθσει
622 2075 742 2148 χρῶνται
765 2068 866 2149 βροτοί,

236 2177 301 2234 ὅταν
324 2173 355 2232 δὲ
378 2173 554 2252 ρωρασθῶοιν
577 2173 702 2250 ὀφθέντες
725 2172 816 2254 κακοὶ,

235 2280 334 2338 τίνουσι
356 2277 459 2348 ποινὰς·
472 2277 616 2357 ὑστέραισιν
640 2278 668 2336 ἐν
691 2282 808 2358 χρόνοις.

1028 2363 1152 2414 (Ἠιοοάοοό.
1168 2362 1226 2403 sm.
1243 2359 1370 2408 1201.1.1v.
1386 2361 1429 2410 22.)

236 2453 323 2512 Ὅταν
347 2449 447 2532 δ”ίδης
469 2451 535 2529 πρός
556 2451 623 2528 θψος
645 2451 764 2530 ἠρμένον
785 2453 853 2532 τινὰ,

235 2555 358 2636 λαμπρῷ
381 2576 411 2614 τε
433 2555 543 2634 πλούτῳ
565 2553 611 2614 κιὶ
634 2557 710 2634 γένει
731 2559 925 2636 γαυροθμενον,

237 2661 318 2740 θρρῦν
340 2681 370 2719 τε
393 2661 478 2736 μείζω
500 2665 550 2734 τῆς
571 2661 656 2736 τθχης
680 2661 827 2742 ἐπηρκότα,

237 2767 332 2825 τούτου
353 2768 468 2843 ταχεῖαν
490 2766 598 2838 νέμεσιν
622 2764 698 2836 ευθίις
720 2766 870 2845 προσδόκα,

241 2870 379 2950 ἐπαίρεται
401 2869 456 2948 γὰρ
478 2869 581 2946 μεῖζον,
604 2870 649 2927 ’ίνα
673 2873 764 2945 μεῖζον
786 2874 866 2953 πέσῃ.

1186 2955 1219 3004 (E.
1235 2955 1268 2996 Fr.
1284 2955 1360 2996 intert.
1376 2955 1431 3004 181.)

241 3047 277 3106 ‘0
300 3053 349 3122 τῆς
371 3045 456 3122 Δίκης
478 3047 621 3126 θρθαλμδς
644 3047 681 3118 ὡς
704 3045 739 3106 δι’
751 3047 852 3124 ἡσίνχου

239 3153 365 3211 λεύσσων
387 3153 530 3230 προσώπου
552 3153 715 3226 πάνθ’όμως
737 3150 780 3212 οἰεὶ
803 3153 911 3228 βλέπει.

1069 3234 1165 3286 (Dionys.
1179 3235 1238 3276 Stob.
1255 3235 1299 3275 ecl.
1311 3234 1328 3276 1.
1340 3234 1375 3276 lv,
1390 3234 1431 3282 11.)

241 3307 283 3366 Οίι
305 3310 358 3386 γάρ
380 3328 420 3378 τις
443 3306 503 3367 οὔτε
527 3310 677 3388 χρημάτων
700 3309 858 3387 θπεργεγὼς

239 3414 324 3485 νόμον
348 3411 460 3486 μιαίνων
483 3412 614 3492 ἀσφαλῶς
636 3415 821 3494 γηράσκεται·

241 3516 309 3574 ἀλλ’
322 3519 430 3596 ἡμέρας
451 3520 470 3592 ἢ
493 3519 587 3588 νυκτδς
610 3519 627 3591 ἡ
650 3517 719 3594 Δίκη
742 3519 819 3596 ποτέ,

239 3619 280 3698 τῷ
303 3621 472 3696 θυσσεβοῠντι
494 3621 548 3700 σῖγ’
562 3623 653 3698 έχουσ’
668 3621 795 3696 ἐνήλατο.

1164 3705 1232 3754 (τιον.
1247 3705 1292 3745 σπι.
1307 3704 1324 3753 ι,
1340 3703 1374 3750 ιν,
1391 3705 1432 3754 ιο.)

240 3793 372 3855 *-*οδ
396 3791 472 3855 δεινὰ
492 3799 608 3874 πάσχειν
632 3796 707 3856 δεινὰ
728 3796 791 3868 τοὺς
813 3796 1006 3876 έργασμένους.

1191 3879 1223 3928 (Β.
1240 3879 1273 3918 Fr.
1288 3878 1362 3919 incert.
1379 3879 1432 3928 12³.)

242 4009 250 4023 .
276 4011 283 4019 .
309 4008 315 4020 .
339 3959 401 4022 σὐδὲ
425 3961 603 4042 φυλάσσονται
626 3961 712 4038 σεμνὰ
734 3962 819 4038 Δίκης
841 3961 975 4040 θέμεθλα,

238 4070 259 4142 ἣ
283 4072 387 4146 σιγῶσα
410 4067 513 4126 σύνοιδε
535 4067 569 4125 τὰ
591 4070 742 4146 γιγνόμενα
763 4070 814 4145 πρό
836 4065 860 4125 τ’
873 4067 961 4144 ἐόντα,

348 4167 388 4249 τῷ
412 4167 443 4228 δὲ
465 4171 557 4249 χρόνῳ
579 4174 687 4241 πάντως
709 4167 773 4247 ἦλθ’
786 4169 977 4246 ἀποτισομένη.
1271 4253 1317 4294 m

1174 4254 1255 4302 (Solon.
1319 4286 1325 4302 ,
1342 4254 1365 4295 15
1376 4255 1433 4305 σος.)

240 4335 326 4397 Οὔτοι
347 4337 554 4416 προσελθοῦσ’ἡ
577 4335 646 4411 Δίκη
670 4357 701 4395 σε
725 4372 765 4381 -
789 4336 827 4412 μη
849 4337 947 4417 τρέσῃς
971 4372 1011 4382 -

237 4439 334 4502 παίσει
355 4441 423 4522 πρδς
444 4435 528 4520 ἧπαρ,
551 4440 614 4500 οὐδὲ
636 4446 690 4500 τῶν
713 4439 809 4500 ἀλλων
833 4440 936 4520 βροτῶν

238 4548 288 4605 τδν
311 4545 415 4626 ἄδικον,
431 4544 509 4604 ἀλλὰ
531 4548 595 4623 σίγα
616 4543 663 4604 καί
687 4545 782 4624 βραδεῖ
803 4543 865 4605 ποδὶ

238 4648 389 4728 στείχουσα
411 4652 512 4730 μάρψει
534 4649 596 4721 τοὺς
616 4649 727 4728 κακοὺς,
751 4651 815 4710 ὅταν
836 4651 916 4732 τύχη.

1213 4733 1247 4784 (Ε.
1263 4733 1296 4772 Fr.
1312 4732 1388 4773 ὶιιοοσί.
1404 4733 1434 4782 2.)

1247 4807 1279 4854 16
