3478 5490
649 531 885 594 -103-

166 731 202 788 Τί
232 731 302 806 δῆτα
326 727 418 808 δόξης,
441 732 459 802 ἢ
481 727 506 786 τί
528 726 666 802 κληδόνος
688 725 780 800 καλῆς

167 837 261 911 μάῗθί
286 835 399 914 ww&
422 832 558 912 ὠφέλημα
579 829 715 910 *sima*
1104 910 1127 950 (s
1151 909 1194 949 ωσι
1217 909 1254 950 σοι
1277 910 1315 948 νεα
1354 909 1361 956 )

1107 939 1135 960 ‚·
1197 938 1201 948 ,
1257 937 1261 946 .
1321 919 1351 956 sq.

175 1049 182 1060 .
209 1049 216 1062 .
241 1045 248 1060 .
271 999 297 1059 τί
319 997 350 1056 δὲ
372 997 490 1058 κάλλιον
513 995 589 1076 ἀνδρί
611 1015 657 1054 κεν
681 993 722 1068 εἴη

172 1103 271 1182 δλβίῳ,
294 1107 312 1177 ἢ
334 1103 419 1175 κλέος
442 1101 540 1162 ἐσθλδν
565 1101 592 1160 ἐν
616 1100 791 1179 ἀνθρώποισιν
815 1093 941 1179 ἀρέσθαιφ

993 1178 1108 1230 (Theocrit.
1123 1177 1180 1218 xvll
1195 1175 1257 1227 [xvj.
1273 1178 1310 1217 116
1320 1177 1362 1224 sq.)

171 1269 262 1343 Φήμη
285 1269 338 1346 γάρ
360 1287 391 1326 τε
413 1267 486 1340 κακὴ
508 1266 632 1342 πέλεται,
656 1265 740 1344 κούφη
764 1263 814 1339 μὲν
838 1263 936 1343 ἀεῖραι,

172 1371 235 1452 ῥεῖα
258 1371 338 1450 μάλ’,
361 1371 486 1450 ἀργαλέη
510 1369 541 1430 δὲ
564 1372 662 1450 φέρειν,
685 1367 798 1448 χαλεπὴ
823 1367 1016 1426 δ’ἀποθέσθαι.

173 1478 252 1556 φήμη
276 1475 301 1534 δ’
317 1473 387 1546 οὔτις
409 1477 521 1551 πάμπαν
545 1473 706 1552 ἀπόλλυται,
729 1475 763 1548 ἥν
785 1492 844 1532 τινα
866 1462 968 1530 πολλοί

173 1579 242 1642 λαοί
264 1581 436 1660 φημίζουσιν·
460 1581 523 1652 θεὸς
544 1579 573 1638 νθ
595 1578 636 1651 τίς
660 1579 713 1638 ἐστι
736 1575 782 1636 καί
806 1577 882 1650 αῦτη.

1134 1654 1194 1705 (flos.
1209 1653 1247 1703 θφ.
1262 1653 1301 1694 ’159
1309 1651 1365 1701 sqq.)

178 1756 268 1815 Φιλεί
288 1755 342 1834 γὰρ
363 1756 382 1830 ἡ
406 1753 536 1814 δύσκλεια
557 1755 613 1824 τοῖς
634 1751 824 1832 φθονουμένης

179 1863 257 1919 νικᾶν
282 1859 324 1918 ἐπ’
339 1857 471 1940 αἰσχροῖς,
495 1856 565 1933 η’πί
586 1859 642 1928 τοῖς
664 1855 762 1927 καλοῖς
784 1854 879 1914 πλέον.

588 2043 716 2112 Fames
739 2041 792 2129 (cf.
816 2039 956 2124 Venter).

179 2192 261 2270 Ἀνὴρ
285 2191 309 2250 δ’
322 2188 420 2272 οὐδεὶς,
444 2188 506 2270 πρὶν
529 2191 561 2248 ἂν
583 2189 666 2267 φάγῃ.

1217 2260 1247 2309 (S.
1264 2258 1297 2300 Fr.
1313 2258 1368 2308 1⁴9.)

174 2343 322 2426 'Amvss'b
344 2365 427 2440 λιμδς
449 2363 565 2443 γλυκέα,
589 2361 662 2438 πλὴν
685 2361 764 2419 αὑτοῦ
786 2361 866 2418 ποιεί.

1206 2431 1366 2482 (Antiphanes.)

184 2532 259 2611 Ἐγὼ
282 2531 314 2592 δὲ
335 2530 444 2590 πεινῶσ’
457 2530 487 2588 σίν
509 2529 577 2609 τρδς
599 2527 668 2607 ἴτρια
691 2525 796 2601 βλέπω.

1217 2599 1248 2646 (ν.
1263 2596 1298 2637 τι.
1314 2597 1370 2647 ιω.)

183 2700 218 2758 Ἥ
240 2699 322 2757 πείνά
345 2695 399 2756 ἐστι
421 2697 467 2753 τοῦ
489 2690 596 2752 δείπνου
619 2691 694 2768 ὄψον.

1219 2761 1370 2812 (Athenaeus.)

183 2859 264 2941 Λιμῷ
286 2861 341 2942 γάρ
364 2859 442 2920 οθδέν
465 2859 533 2919 ἐστιν
557 2852 691 2916 ἀντειπεῖν
715 2854 788 2924 1ε’πος.

869 2933 936 2984 (δίον.
951 2931 1043 2972 δίνασεν.
1058 2928 1176 2974 blainum,
1192 2939 1212 2966 v.
1228 2925 1264 2974 IV,
1279 2937 1300 2975 p.
1315 2924 1371 2974 ³49.)

182 3045 264 3126 Λιμῷ
288 3045 313 3105 δ’
326 3044 456 3105 οἴκτιστον
479 3041 595 3117 θανέειν,
618 3035 664 3098 καί
686 3037 789 3109 πότμον
814 3033 942 3092 ἐπισπεῖν.

1113 3111 1184 3162 (nom.
1201 3109 1239 3151 οι.
1254 3108 1300 3156 ιιιι,
1315 3107 1373 3157 σιν.)

186 3213 318 3271 ίίεινῶντι
339 3209 378 3286 μὴ
400 3205 564 3286 προσέλθῃς.

1289 3271 1372 3320 (Prov.)

188 3384 311 3444 Πολλῶν
334 3383 349 3442 δ
371 3381 453 3457 λιμδς
475 3378 597 3459 γίγνεται
620 3373 796 3444 διδάσκαλος.
1275 3443 1374 3496 (comio)

186 3550 237 3622 Ὠς
260 3548 338 3608 οίνδὲν
359 3547 454 3622 λιμοίο
475 3546 642 3625 κακώτερον,
666 3539 730 3600 οδδὲ
753 3536 867 3618 βαρείης

185 3656 329 3734 γαστέρος,
352 3655 370 3728 ἡ
393 3651 502 3732 κρατέει
525 3648 575 3723 μὲν
599 3646 626 3705 έν
650 3645 824 3724 ἀνθρώποισιν
847 3642 962 3716 ἀπηνής.

443 3835 613 3918 Familia,
636 3832 754 3914 Genus,
777 3829 879 3914 Stirps
902 3826 954 3910 (cf.
979 3823 1120 3908 Domus).

179 3959 219 4027 ”H
245 3966 283 4040 μὴ
306 3963 448 4041 γενοίμαν,
471 3965 489 4034 ἢ

187 4072 311 4150 πατέρων
334 4068 445 4145 ἀγαθῶν

190 4175 257 4252 εἴην,
280 4173 457 4245 πολυκτητων

188 4302 217 4340 τε
240 4279 332 4354 δόμων
356 4277 484 4352 μέτοχος.

188 4384 257 4445 εἴτι
279 4382 334 4462 γὰρ
357 4383 390 4441 ἂν
412 4381 514 4456 πάσχοι
535 4397 575 4448 τις
598 4376 752 4452 ἀμήχανον,
838 4429 839 4432 ,

188 4491 275 4560 ἀλκᾶς
297 4488 328 4546 σίν
351 4487 444 4555 σπάνις
468 4481 641 4560 εθγενέταις·

188 4592 406 4674 κηρυσσομένοτσι
430 4587 455 4646 δ’
472 4586 518 4644 ἀπ’
534 4582 640 4644 ἐσθλῶν
663 4581 795 4656 δωμάτων

189 4697 266 4772 τιμὰν
289 4693 336 4755 καὶ
358 4694 443 4764 κλέος
464 4689 533 4750 οὔτοι
