3476 5490
231 717 308 794 Ἐγὼ
331 717 362 776 δὲ
383 709 444 788 τοὺς
469 711 587 798 ἐρῶντας

229 816 306 900 ἰδών,
332 820 456 896 ἐπίσταμ’
469 822 560 893 εὺθὺς·

230 927 324 1004 ἔχουσι
346 928 400 1008 γάρ
422 947 447 986 τι
469 926 570 986 λεπτόν

229 1034 320 1109 ψυχῆς
343 1032 398 1091 ἔσω
420 1034 564 1112 κάταγμα·

230 1215 238 1230 .
264 1216 272 1230 .
298 1219 305 1232 .
330 1171 394 1231 ἔνθα
417 1171 448 1230 δέ
471 1171 495 1232 οἱ
518 1171 667 1250 θελκτήρια
688 1174 776 1232 πάντα
797 1173 922 1231 τέτυκτο·

230 1275 287 1335 ἔνθ’
301 1275 339 1336 ἔνι
362 1275 413 1354 μὲν
436 1277 558 1356 φιλότης,
583 1277 611 1335 ἐν
635 1276 776 1356 δ’ίμερος,
802 1277 830 1336 ἐν
854 1277 878 1336 δ’
892 1277 1024 1357 ὀαριστὺς,

232 1382 377 1461 τάρρασις,
399 1380 442 1456 ἥτ’
456 1381 561 1459 ἔκλεψε
583 1382 644 1440 νόον
666 1382 738 1440 ’,τόκοι
759 1402 810 1461 περ
834 1383 1006 1461 φρονεόντων.

230 1537 279 1596 Ἐν
302 1537 449 1620 πλησμονῇ
471 1559 512 1598 τοι
534 1538 649 1618 Κύπρις,
673 1538 701 1596 ἐν
723 1543 848 1597 πεινῶντι
872 1539 896 1598 δ’
909 1537 948 1600 οὔ.

230 1693 309 1753 Ἐπεί
332 1695 361 1768 μ’
374 1695 443 1774 ἔρως
467 1696 592 1775 ἔτρωσεν,
617 1694 757 1776 ἐσκόπουν,
781 1697 854 1766 όπως

229 1797 358 1858 κάλλιστ’
373 1799 513 1878 ἐνέγνιαιμ
529 1801 617 1859 αῖιτόν.

230 1939 301 2020 Ἐρᾷ
325 1938 375 2012 μὲν
399 1939 482 2016 ἁγνός
505 1937 618 2018 ουρανός
640 1936 739 2018 τρῶσαι
761 1939 858 2018 χθόνα,

230 2043 299 2122 ἔρως
322 2041 355 2101 δὲ
377 2046 458 2122 γαῖαν
481 2042 620 2118 λαμβάνει
642 2045 733 2119 γάμου
755 2045 863 2120 τυχεῖν·

230 2146 342 2226 ὄμβρος
356 2147 381 2206 δ’
394 2147 440 2206 ἀπ’
453 2148 594 2218 εθνάεντος
616 2149 727 2226 οὐρανοῦ
750 2147 842 2207 πεσὼν

232 2253 309 2311 ἔκυσε
330 2255 428 2331 γαῖαν·
457 2253 474 2326 ἠ
499 2252 530 2312 δὲ
553 2252 669 2312 τίκτεται
693 2253 800 2333 βροτοῖς

231 2357 328 2431 μήλων
349 2377 380 2416 τε
403 2352 505 2430 βοσκὰς
528 2355 574 2417 καὶ
597 2357 655 2433 βίον
679 2357 842 2438 Δημήτριον.

231 2461 374 2540 δενδρῶτις
397 2463 455 2540 ῶρα
479 2461 550 2520 δ’ἐκ
572 2456 726 2534 νοτίζοντος
743 2465 833 2539 γάμου

229 2566 336 2636 τέλειός
359 2563 443 2624 ἐστιν·
465 2571 518 2624 τῶν
543 2565 635 2644 δ’ἔγὼ
656 2565 832 2649 (Ἀφροδίτη)
854 2568 1003 2647 παραίτιος.

227 2705 316 2785 Ἔρως
338 2705 392 2784 γὰρ
417 2703 516 2785 ἄνδρας
539 2707 568 2764 σθ
592 2707 689 2780 μόνους
713 2706 859 2786 ἐπέρχεται

231 2811 286 2870 ουδ’
300 2807 333 2870 αὖ
355 2813 496 2889 γυναῖκας,
520 2809 667 2869 ἀλλὰκαὶ
690 2812 759 2869 θεῶν
782 2811 838 2868 ἅνω

229 2915 318 2994 ψυχὰς
340 2918 473 2996 χαράσσει
495 2913 561 2974 κάπὶ
584 2917 681 2974 πόντον
706 2915 827 2995 ἔρχεται,

228 3019 275 3080 καὶ
295 3021 369 3080 τόνδ’
382 3020 522 3099 ἀπείργειν
546 3019 627 3079 σθθό
650 3019 809 3100 παραρατὴς
832 3020 920 3080 σθένει

229 3125 308 3204 Ζείς,
333 3123 400 3183 ἀλλ’
412 3123 514 3183 ὑπείκει
537 3122 583 3183 καί
606 3124 696 3184 θέλων
721 3123 886 3202 ἔγκλίνεται.

228 3261 320 3344 Ἔρως
341 3263 396 3344 γὰρ
419 3264 501 3344 ἀργόν
523 3263 590 3324 κάπὶ
611 3267 667 3336 τοῖς
690 3265 785 3344 ἀργοῖς
808 3265 865 3345 ἔφυ,

228 3369 299 3447 φιλεῖ
320 3370 459 3448 κάτοπτρα
476 3367 524 3428 καὶ
546 3371 635 3446 κόμης
659 3366 835 3450 ξανθίσματα,

227 3473 318 3552 ρεθγει
342 3471 372 3531 δὲ
396 3474 533 3551 μόχθους·
562 3475 591 3532 ἓν
616 3474 647 3533 δέ
671 3495 717 3548 μοι
739 3476 899 3553 τεκμήριον·

229 3575 316 3648 ουδεὶς
337 3583 489 3656 προσαιτῶν
511 3577 601 3652 βίοτον
623 3579 727 3656 ἠράσθη
752 3577 865 3658 βροτῶν,

230 3681 257 3740 ἐν
279 3685 335 3754 τοῖς
359 3682 498 3760 δ’ἔχουοιν
520 3682 627 3758 ἠβητὴς
648 3683 745 3761 πέφυχ’
762 3683 819 3744 όδε.

229 3885 237 3900 .
261 3887 267 3901 .
292 3885 300 3900 .
325 3836 416 3920 Ἔρως
438 3840 463 3899 τ’
477 3840 616 3919 άνάγκασε

229 3940 317 4017 τόξοις
341 3945 475 4022 ἀρίνκτοις.

230 4099 321 4180 Ἔρως
344 4105 465 4180 σοφιστοῦ
487 4101 609 4180 γίγνεται
633 4100 799 4174 διδάσκαλος

230 4209 324 4267 σκαιοῦ
345 4206 417 4266 πολὺ
439 4205 567 4288 κρείττων
590 4208 657 4288 πρός
679 4208 724 4266 τόν
747 4207 894 4288 ἀνθρώπων
918 4208 985 4282 βίον.

1194 1117 1279 1166 (Λουυτ.
1295 1117 1327 1164 53,
1343 1117 1420 1165 55ης.)

1121 1465 1192 1514 (Hom.
1207 1465 1233 1505 11.
1251 1464 1304 1514 xlv,
1318 1467 1357 1506 215
1365 1465 1421 1515 sqq.)
1466 1473 1469 1484 ¹

1187 1621 1220 1672 (Β.
1237 1621 1269 1660 Fr.
1285 1619 1362 1660 incert.
1380 1621 1421 1670 12.)

1183 1883 1216 1932 (Ε.
1232 1881 1318 1933 Ῑίίὶμμιιί.
1333 1881 1420 1930 θθθυη.)

1263 3211 1294 3258 (s.
1312 3209 1347 3248 ιν.
1362 3210 1418 3258 σιντ.)

1195 3766 1227 3814 (E.
1244 3765 1278 3805 Fr.
1294 3765 1373 3812 Danae,
1389 3767 1418 3816 8.)

1183 4027 1216 4076 (E.
1232 4026 1313 4073 λίαάοο,
1329 4029 1418 4078 θθθυη.)

892 4289 1047 4342 (Δοιτιιινάτῖά.
1062 4291 1087 4338 Χ,
1102 4291 1220 4338 Μοίιιουῖισ,
1236 4303 1256 4332 ν.
1272 4291 1310 4339 ΙΙΙ,
1326 4303 1346 4341 μ
1363 4293 1418 4341 199.)

230 4343 341 4422 Ἔρωτα
365 4345 389 4404 δ’
403 4347 474 4417 ὅστις
497 4347 534 4421 μὴ
558 4346 619 4405 θεόν
641 4333 725 4426 κρίνει
748 4349 837 4423 μέγαν

228 4449 349 4509 καὶτῶν
372 4451 497 4510 ἁπάντων
521 4451 657 4525 δαιμόνων
680 4452 835 4532 ἔντε’ρτ-ατον,

228 4558 246 4629 ἢ
269 4557 365 4627 σκαιός
389 4555 469 4634 ἐστιν,
492 4559 521 4634 ἢ,
544 4556 640 4615 καλῶν
663 4551 773 4636 ἄπειρος
795 4557 844 4638 ῶν,

230 4659 277 4719 οὐκ
299 4655 357 4720 οἶδε
379 4661 425 4720 τόν
449 4661 575 4740 μέγιστον
598 4661 748 4741 ἀνθρώποις
771 4662 842 4722 θεόν.

1201 4747 1234 4796 (Ε.
1251 4747 1284 4786 Fr.
1299 4745 1370 4796 Auge.
1385 4745 1416 4796 ³.)
