3516 5500
886 541 1035 605 -342
1086 581 1127 589 —

406 727 485 790 Ἀλλ’
498 731 581 806 ούμύς
604 729 647 792 ἀεὶ
669 736 772 809 πότμος
795 735 824 794 ἐν
847 733 940 814 πυκνῷ
962 736 1025 798 θεοῦ

406 833 498 914 τροχῷ
521 837 662 896 κυκλεῖται
685 836 731 897 καί
755 839 945 914 μεταλλάσσει
967 840 1050 920 φύσιν,

406 941 497 1020 ὥοπερ
521 940 642 1018 σελήνης
665 939 762 1020 δ’θψις
785 944 914 1024 εῖιφρύνας
937 944 984 1004 δύο

408 1048 501 1118 στῆναι
524 1043 623 1106 δύναιτ’
634 1048 668 1104 ἂν
690 1043 780 1108 οὔποτ’
793 1047 822 1106 έν
845 1053 934 1130 μορφῇ
958 1051 1017 1132 μιᾷ,

406 1145 473 1206 ἀλλ’
486 1144 517 1221 ἐξ
540 1148 645 1225 ἀδήλου
667 1155 773 1230 πρῶτον
796 1153 905 1232 ἔρχεται
927 1153 987 1233 νέα,

406 1255 537 1335 πρίσωποι
559 1255 736 1316 καλλύνουσα
757 1254 805 1316 καὶ
825 1257 1013 1338 πληρουμένη,

404 1359 549 1439 χῶτανπερ
572 1361 655 1437 αύτης
678 1361 855 1441 εθγενεστοίτη
879 1367 959 1444 φανῇ,

561 1462 584 1484 Ν

405 1464 488 1523 πάλιν
512 1464 624 1545 διαρρεῖ,
647 1461 715 1526 κάπὶ
738 1465 824 1544 μηδὲν
847 1467 966 1546 ἔρχεται.

1447 1558 1478 1608 (S.
1493 1558 1524 1598 Fr.
1537 1560 1587 1606 71³.)

406 1617 564 1702 Ἄνθρωπος
587 1620 640 1681 ἐὼν
664 1624 702 1697 μή
724 1641 791 1682 ποτε
814 1623 902 1706 εἴπῃς,
926 1625 976 1704 ὅ,τι
999 1625 1122 1704 γίγνεται
1146 1626 1246 1709 αύριον,

406 1725 469 1800 μήτ’
482 1725 566 1806 ἄνδρα
590 1724 652 1784 ἰδὼν
676 1726 781 1808 ύλβιον,
805 1728 882 1788 ἕσσον
904 1730 1003 1808 χρόνον
1027 1729 1150 1791 ἔσσεται·

405 1829 492 1889 ὠκεῖα
513 1829 567 1911 γὰρ
589 1829 652 1890 ούδὲ
674 1832 870 1914 τανυπτερύγου
893 1831 974 1908 μυίας

406 1935 490 2005 ούτως
512 1936 716 2012 ἁμετοίοταοις.

1024 2023 1136 2074 (Simonid.
1152 2025 1196 2072 Cei,
1211 2024 1367 2076 Schneidewin,
1382 2027 1490 2077 Delectus,
1504 2040 1522 2078 ρ.
1536 2030 1585 2079 389.)

407 2091 558 2172 Ἄνθρωπε,
583 2094 621 2168 μὴ
645 2095 768 2175 στέναζε,
792 2095 830 2170 μὴ
853 2095 940 2155 λυπού
963 2098 1061 2177 μάτην,

404 2199 544 2278 χρήματα,
567 2201 683 2277 γυναῖκα
704 2197 751 2258 καί
773 2200 876 2258 τέκνων
899 2199 1014 2260 πολλῶν
1037 2204 1155 2281 σποράν·

408 2303 424 2360 ίί
447 2321 488 2361 σοι
510 2302 578 2380 τύχη
600 2304 732 2384 κέχρηκε,
755 2301 975 2382 ταύτοῖφειλετο.

1116 2390 1586 2446 (MMmmfflmmeffiwJ

406 2487 413 2502 .
440 2491 445 2504 .
471 2489 478 2502 .
503 2439 599 2502 ἅπανθ’
613 2443 667 2522 ύρῶ

406 2547 464 2622 ἅμα
486 2551 519 2627 τῇ
542 2546 610 2629 τύχη
633 2547 729 2626 ρέοντα
752 2546 952 2622 μεταπίπτοντοί
974 2569 1013 2610 τε.

1331 2637 1401 2686 (εισι.
1417 2639 1461 2680 κει.
1475 2638 1492 2687 ι,
1506 2637 1546 2682 νιν.
1560 2639 1585 2685 ν.)

405 2685 530 2745 Ἅπαντα
552 2687 615 2768 νικᾷ
635 2683 682 2745 καὶ
705 2688 880 2766 μεταστρέφει
903 2688 982 2768 τύχη,

407 2787 494 2861 οὐδεὶς
518 2787 548 2847 δὲ
571 2789 637 2872 νικᾷ
659 2791 697 2865 μὴ
720 2789 853 2865 θελούσης
875 2798 925 2868 τῆς
946 2792 1039 2870 τύχης.

1193 2879 1311 2928 (Umorem.
1328 2881 1388 2921 Stob.
1404 2881 1449 2922 Ecl.
1464 2881 1586 2928 1.vll,15.)

407 2926 513 3001 Βέβαια
537 2926 662 2998 δὀύδεὶς
685 2928 781 3004 θνητος
805 2931 911 3009 εὐτυχεῖ
933 2934 1034 3011 γεγώς.

1363 3019 1585 3069 OEAEMmmffl

406 3085 524 3160 Βέβαιον
548 3084 572 3144 θ’
586 3085 662 3146 οὐδέν
687 3087 757 3146 ἐστιν
781 3087 810 3146 ἐν
833 3087 980 3168 ἀνθρώπων
1003 3089 1095 3166 γένει·

362 3213 368 3224 ·
407 3191 461 3265 βιοῖ
482 3189 535 3270 γὰρ
559 3189 647 3262 οὐδεὶς
669 3193 699 3250 ’ὸν
722 3195 888 3273 προαιρεῖται
911 3195 1018 3272 τρόπον.

1351 3279 1584 3330 ffifmwmfflJ

409 3345 439 3406 Εἰ
462 3346 508 3407 καί
531 3345 623 3427 σφόδρ’
636 3349 743 3428 εὐπορεῖ
764 3369 814 3428 τις,
838 3347 977 3422 ἀβεβαίους
999 3351 1091 3432 τρυφᾷ,

406 3454 436 3510 τ“ο
458 3459 508 3527 τῆς
529 3453 614 3530 τύχης
635 3452 688 3532 γὰρ
713 3453 799 3533 ῥεῦμα
821 3453 982 3528 μεταπίπτει
1002 3457 1080 3533 ταχύ.

1237 3541 1302 3591 (Men.
1319 3541 1426 3590 ὶΙσῖινσΙιο,
1441 3555 1460 3583 ν.
1472 3542 1504 3590 lv,
1518 3553 1536 3592 p.
1549 3541 1584 3586 θθ.)

407 3591 494 3651 Ἐπθιν
517 3593 550 3652 ἐκ
572 3591 731 3668 μεταβολῆς
755 3590 799 3652 ἐπὶ
821 3595 941 3674 κρεῖττον
964 3596 1042 3673 γένῃ,

408 3696 447 3756 ὅτ’
460 3697 590 3776 εὐτυχεῖς,
614 3699 738 3775 μέμνησο
760 3703 810 3773 τῆς
833 3701 967 3778 προτέρας
986 3700 1079 3777 τύχης.

1217 3785 1283 3834 (θύειν.
1300 3785 1407 3831 Μεῖινεὶο,
1423 3797 1442 3825 ν.
1458 3785 1491 3832 IV.
1506 3797 1523 3834 ρ.
1536 3783 1584 3831 215.)

408 3833 456 3907 Ἐς
478 3837 572 3895 τούτου
594 3838 672 3910 ἥκειν
694 3835 762 3916 φημί
784 3837 833 3908 τὰς
855 3836 960 3917 βροτῶν
982 3839 1067 3916 τύχας

407 3937 522 3999 πένθ’ύν
545 3940 674 4000 καλούσιν
698 3938 793 4019 αἰθέρ’,
817 3935 840 4020 ᾧ
862 3940 990 4002 τάδ’έοτι
1014 3943 1057 4017 δή.

409 4038 485 4115 οὗτος
508 4045 602 4124 θέρους
624 4065 654 4104 τε
676 4045 803 4124 λαμπρύν
825 4045 965 4122 ἐκλάμπει
988 4047 1084 4123 σέλας,

407 4150 533 4226 χειμῶνά
555 4147 579 4208 τ’
592 4145 666 4221 αύξει
690 4147 817 4220 συντιθεὶς
839 4151 938 4210 πυκνὶν
961 4152 1050 4230 νέφος,

408 4253 524 4312 θάλλειν
546 4274 576 4312 τε
599 4252 645 4312 καὶ
668 4256 718 4334 μή,
741 4256 789 4328 ζῆν
812 4275 842 4312 τε
865 4253 913 4314 καὶ
935 4255 1033 4334 φθίνειν
1055 4260 1136 4318 ποιεῖ.

409 4358 477 4417 ούτω
501 4357 532 4417 δὲ
554 4359 657 4434 θνητῶν
681 4360 804 4439 σπέρμα·
827 4357 880 4418 τῶν
903 4360 955 4435 μὲν
978 4362 1085 4439 εύτυχεῖ

408 4461 524 4542 λαμπρὰ
546 4463 667 4541 γαλήνη,
690 4468 743 4522 τῶν
767 4463 798 4523 δὲ
822 4467 942 4544 ουννεφεῖ
963 4465 1057 4545 πάλιν,

408 4565 488 4639 ζῶσίν
510 4587 540 4625 τε
563 4567 608 4626 σύν
631 4571 761 4646 κακοῖσιν,
785 4567 810 4628 οἱ
833 4567 858 4627 δ’
872 4569 956 4643 ’ὄλβου
980 4571 1049 4644 μέτα

407 4669 521 4752 φθίνουσ’
536 4670 631 4745 ἐτείοις
652 4675 813 4754 προσφερεῖς
836 4674 1038 4754 μεταλλαγαῖς.
