3478 5490
676 531 915 628 -141--Ι

196 720 298 800 ἱππείῳ
320 723 395 800 γένει
417 721 554 783 πολεύων.

194 827 353 905 κουφονόων
376 847 407 886 τε
429 825 514 904 φύλον
536 825 587 906 όρ-

195 929 279 990 νίθων
301 930 464 1010 ἀμφιβαλὼν
488 931 569 1011 ἀγρεῖ

195 1033 245 1094 καὶ
267 1037 357 1115 θηρῶν
380 1035 482 1117 ἀγρίων
505 1037 579 1116 ἔθνη,

194 1142 294 1200 πόντου
315 1140 339 1200 τ’
353 1137 474 1200 εἰναλίαν
496 1141 571 1220 φύσιν

196 1243 331 1324 σπείραισι
355 1243 590 1322 δικτυοκλώστοις,

192 1347 363 1428 περιφραδὴς
385 1349 469 1429 δύο·

195 1455 293 1530 κρατεῖ
315 1451 347 1511 δέ
370 1455 508 1530 μηχαναῖς
532 1452 671 1532 ἀγραύλου

196 1557 283 1636 θηρός
306 1557 478 1636 ὀρεσσιβάτα,
500 1556 672 1634 λασιαύχενά
695 1557 719 1614 θ’

193 1660 278 1720 ἵππον
300 1659 451 1738 ὀχμάζεται
474 1657 541 1740 ἀμφὶ
564 1659 649 1738 λόφον
672 1661 751 1738 ζυγόν

193 1763 300 1844 σύρωόν
322 1765 346 1823 τ’
359 1765 472 1841 ἄκμητα
493 1767 598 1844 ταῦρον.

193 1866 244 1928 καὶ
265 1870 374 1948 φθέγμα
395 1867 443 1928 καὶ
465 1867 580 1944 ἀνεμόεν

196 1975 325 2052 φρόνημα
346 1971 394 2033 καί
417 1973 583 2048 ἀστυνόμους

194 2077 283 2157 ἀργός
306 2074 449 2150 ἐδιδάξατο
471 2075 518 2137 καὶ
541 2075 681 2137 δυσαύλων

193 2184 293 2260 πάγων
316 2179 452 2262 ἐναίθρεια
473 2180 521 2242 καὶ

194 2285 338 2366 δύσομβρα
360 2286 468 2365 φεύγειν
492 2285 574 2365 βέλη,

194 2393 384 2471 παντοπόρος·
408 2391 512 2470 ἀπορος
534 2391 576 2450 ἐπ’
589 2389 667 2449 ούδέν
690 2391 800 2473 ἔρχεται

193 2497 228 2555 τδ
251 2495 376 2571 μέλλον·
398 2495 477 2554 Ἅιδα
499 2496 582 2570 μόνου

196 2595 288 2678 φεύξιν
311 2601 360 2659 ούκ
383 2595 528 2672 ἐπάξεται·

196 2706 285 2764 νόσων
309 2703 335 2762 δ’
347 2703 499 2782 ἀμηχάνων
521 2702 606 2782 φυγάς
628 2701 839 2784 ξυμπέφρασται,

196 2809 277 2887 σοφόν
298 2829 324 2866 τι
344 2809 376 2867 τδ
399 2809 539 2886 μηχανόεν

194 2914 298 2991 τέχνας
320 2913 386 2993 ύπέρ
409 2911 500 2972 ἐλπίδ’
514 2913 586 2990 έχων

194 3018 262 3078 ποτὲ
285 3016 337 3092 μὲν
358 3017 456 3097 κακόν,
478 3017 577 3076 ἄλλοτ’
591 3016 635 3076 ἐπ’
648 3017 746 3077 ἐσθλόν
770 3019 862 3098 ἕρπει.

194 3123 296 3196 νόμους
317 3121 453 3202 γεραίρων
475 3122 575 3199 χθονός

195 3227 267 3285 θεῶν
288 3226 313 3284 τ’
327 3226 438 3305 ἔνορκον
462 3225 550 3304 δίκαν,

196 3329 340 3407 ύύύπολις·
363 3331 473 3408 ἄπολις,
496 3331 550 3409 ότῳ
573 3331 604 3390 τό
627 3331 665 3406 μὴ
688 3330 777 3389 κοιλδν

196 3432 302 3506 ξύνεστι
323 3435 431 3511 τόλμας
453 3436 544 3514 χάριν.

196 3539 260 3614 μήτ’
276 3537 337 3613 ἐμοὶ
358 3539 504 3618 παρέστιος

194 3645 303 3720 γένοιτο
327 3644 390 3718 μήτ’
406 3642 463 3702 ἴσον
486 3648 588 3723 φρονῶν
612 3645 642 3713 δς
664 3643 724 3702 τάδ’
736 3642 818 3724 ἔρδει.

1108 3728 1139 3776 (S.
1154 3726 1269 3779 Antigone,
1284 3729 1323 3769 ³32
1332 3729 1389 3778 sqq.)

196 3854 204 3868 .
230 3855 236 3868 .
263 3854 269 3866 .
292 3806 411 3879 πολλοῖς
434 3807 505 3867 ἐστιν
528 3807 678 3889 ἀνθριύπων
700 3807 784 3890 κακὰ,

194 3915 252 3984 τοῖς
276 3911 301 3970 δ’
314 3912 371 3992 άρτι
394 3911 488 3992 λήγει,
510 3914 568 3984 τοῖς
590 3911 621 3972 δέ
643 3910 766 3983 κίνδυνος
789 3911 902 3987 μολεῖν·

193 4016 300 4088 κύκλος
321 4016 375 4096 γὰρ
398 4017 479 4088 αύτδς
504 4016 651 4096 καρπίμοις
673 4037 703 4076 τε
724 4023 779 4096 γῆς
800 4019 890 4096 φυτοῖς

193 4124 298 4196 θνητῶν
320 4141 351 4180 τε
373 4121 473 4204 γενεᾷ·
497 4123 555 4192 τοῖς
577 4121 628 4196 μὲν
652 4119 761 4193 οῶξεται
785 4119 853 4202 βίος,

194 4231 248 4286 τῶν
272 4225 304 4285 δὲ
326 4225 410 4304 φθίνει
430 4245 461 4284 τε
483 4223 530 4284 καὶ
553 4225 684 4306 θερίζεται
705 4225 798 4286 πάλιν.

1164 4311 1198 4362 (ιι.
1213 4311 1248 4353 τι.
1263 4311 1309 4362 ιιι,
1324 4313 1389 4364 xlx.)

196 4390 274 4450 Πολύ
295 4391 324 4467 γ’
337 4389 392 4449 ἐστι
414 4391 522 4448 πάντων
544 4389 614 4459 ζῶον
637 4388 805 4450 ἀθλιώτατον

198 4494 349 4576 ἄνθρωπος,
373 4491 400 4552 εί
419 4513 460 4564 τις
482 4489 605 4564 ἐξετάζοι
626 4494 698 4552 κατὰ
719 4497 826 4574 τρόπον.

196 4599 240 4657 τόν
263 4599 318 4679 γάρ
340 4597 400 4674 βίον
422 4595 567 4679 περίεργον
590 4595 629 4670 εἰς
650 4599 681 4658 τό
704 4601 782 4658 πάντ’
796 4600 869 4678 ἔχων

198 4703 292 4786 ἀπορεῖ
312 4703 347 4762 τά
368 4703 487 4762 πλεῖστοι
510 4702 554 4762 διὰ
575 4703 682 4781 τέλους,
705 4705 784 4764 πονεῖ
806 4704 831 4764 δ’
844 4702 897 4786 ἀεὶ,
