3516 5500
805 479 1124 554 -360*Ι

332 681 399 758 Εἰκῆ
422 686 562 763 κράτιστον
586 685 644 760 ζῆν,
668 684 742 754 όπως
765 681 870 742 δύναιτό
892 704 941 754 τις.

1287 767 1319 818 (S.
1335 767 1408 818 oedip.
1424 769 1448 808 Β.
1464 769 1524 818 979.)

331 855 388 914 Εἰσί
410 877 479 928 τινες
502 856 594 914 σῖτόν
616 857 737 936 παρόντα
760 856 810 931 μὲν
834 855 891 929 βίον
909 857 937 915 ού
953 859 1044 935 ζῶσιν,
1068 857 1145 917 ἀλλὰ
1159 860 1409 936 παρασκευάζονται
1424 858 1523 937 πολλῇ

330 960 442 1040 σπουδῇ,
467 963 505 1031 ὡς
528 961 619 1041 ἕτερόν
642 981 701 1020 τινα
724 961 782 1035 βίον
806 961 975 1040 βιωσόμενοι,
1010 961 1041 1022 ού
1062 963 1107 1021 τόν
1134 964 1270 1040 παρόντα·
1299 959 1346 1020 καὶ
1378 961 1405 1019 ἐν
1437 963 1524 1042 τούτῳ

329 1065 567 1144 παραλειπόμενος
589 1067 604 1124 ό
626 1067 725 1146 χρόνος
749 1063 873 1142 οἴχεται..
962 1121 968 1132 ,

1191 1149 1317 1201 (Antiphon.
1333 1149 1392 1192 stab.
1408 1149 1461 1200 xw,
1477 1150 1524 1199 19.)

331 1237 442 1299 Ἔοικεν
465 1239 480 1298 ό
503 1238 561 1315 βίος
591 1240 710 1320 θεάτρῳ·
743 1239 783 1300 διδ
810 1239 949 1312 πολλάκις
979 1239 1107 1323 χείρισται
1133 1243 1178 1300 τὀν
1209 1241 1358 1301 κάλλιστον
1390 1241 1418 1300 ἐν
1449 1239 1525 1319 αύτῷ

330 1346 478 1423 κατέχουσι
499 1345 589 1406 τόπον.

1185 1462 1323 1516 (An'stonym.
1339 1463 1398 1504 θίαῖν.
1413 1463 1466 1510 cvl.
1481 1463 1527 1514 14.)

332 1532 411 1582 *-*
424 1537 480 1612 Ζῆν
504 1535 682 1611 βουλόμενος,
706 1535 744 1610 μὴ
766 1540 866 1615 πρᾶττε
888 1537 1004 1597 θανάτου
1028 1533 1099 1608 ἄξια.

333 1643 424 1716 ζῶμεν
446 1640 499 1720 γὰρ
522 1640 593 1722 σῦχ’,
617 1642 655 1712 ὡς
678 1640 808 1722 θέλομεν,
831 1641 950 1715 ἀλλ’ὡς
973 1641 1136 1716 δυνάμεσθα.

1035 1726 1100 1776 (Men.
1115 1727 1206 1766 θύουσαι.
1221 1725 1327 1776 Mainake,
1342 1737 1362 1766 v.
1378 1724 1413 1773 w.
1429 1737 1449 1776 p.
1466 1725 1528 1774 345.)

333 1779 460 1841 Θνατοῖσι
484 1781 521 1856 μὴ
545 1785 620 1859 φῦναι
643 1782 775 1862 φέριστον,

333 1885 398 1961 μηδ’
412 1883 507 1944 ἀελίου
528 1884 665 1965 προσιδεῖν
687 1886 804 1964 φέγγος

334 1989 429 2064 όλβιος
452 1988 477 2047 δ’
489 1987 578 2061 ούδεὶς
601 1990 704 2070 βροτῶν
726 1991 816 2048 πάντα
837 1990 945 2068 χρόνον.

1011 2073 1117 2125 (Βιιοοῖιγῖ.
1133 2073 1288 2121 Schneidewin,
1304 2074 1414 2118 ῶσῖυσθιιι,
1431 2085 1452 2123 φ.
1468 2073 1530 2124 uo.)

334 2149 433 2207 Κοινόν
455 2151 532 2207 τούτο
554 2145 601 2206 καί
622 2147 690 2224 πρός
712 2148 820 2206 πάντων
843 2147 1025 2227 θρυλούμενον

333 2251 521 2332 παρεπιδημία
541 2249 581 2322 τίς
605 2251 674 2310 ἐστιν
697 2252 711 2309 ό
734 2249 802 2324 βίος.

336 2411 384 2483 Μή
409 2430 463 2484 μοι,
485 2410 515 2467 τό
537 2415 643 2487 πρῶτον
667 2406 733 2483 βῆμ’
747 2408 794 2467 ἐὰν
818 2408 910 2489 δράμῃ
932 2409 1038 2488 καλῶς,

334 2519 410 2574 νικᾶν
433 2513 547 2573 δοκείτω
570 2513 618 2587 τὴν
642 2511 731 2592 δίκην,
754 2510 815 2593 πρίν
839 2513 870 2571 διν
892 2513 984 2584 πέλας

334 2623 468 2698 ἰραμμῆς
489 2617 589 2696 ἵκηται,
612 2615 659 2676 καὶ
681 2617 763 2690 τέλος
785 2619 882 2696 κάμψῃ
907 2616 975 2692 μου,

1265 2700 1298 2750 (Ε.
1315 2700 1408 2744 Electra.
1423 2701 1461 2740 954
1472 2701 1534 2749 sqq.)

336 2776 440 2854 Μικρόν
464 2795 487 2832 τι
509 2775 539 2832 τό
563 2771 632 2852 βίου,
655 2771 701 2832 καί
723 2775 815 2832 στενόν
839 2775 929 2847 ζῶμεν
951 2775 1059 2853 χρόνον.

1143 2857 1208 2906 (Men.
1223 2855 1329 2902 Μεῖσοθο,
1344 2867 1364 2896 ν.
1381 2855 1418 2901 lv,
1434 2867 1455 2906 p.
1471 2854 1533 2896 194.)

339 2981 345 2994 .
372 2975 379 2990 .
406 2977 412 2988 .
437 2929 521 3010 μικρὰ
544 2929 595 3003 μὲν
616 2929 651 2988 τόι
672 2933 718 2989 τού
741 2928 817 3003 βίου·

336 3039 427 3094 τοῦτον
451 3033 476 3092 δ’
489 3035 564 3106 όπως
585 3033 681 3108 ἥδιστα
705 3033 894 3114 διαπεράσετε,

339 3138 369 3213 ἐξ
391 3141 499 3219 ἡμέρας
522 3139 551 3210 ές
573 3139 655 3198 νύκτα
678 3139 715 3214 μὴ
738 3139 911 3214 λυπούμενοι.

1207 3221 1241 3270 (Ε.
1257 3220 1343 3262 Hercul.
1359 3220 1409 3260 Fur.
1424 3221 1464 3260 508
1474 3221 1535 3269 sqq.)

338 3294 511 3356 *-*Μισῶ
536 3295 560 3354 δ’
573 3296 632 3354 ὅσοι
654 3297 798 3377 χρῄζουσιν
823 3289 951 3355 ἐκτείνειν
976 3295 1044 3375 βίον,

338 3402 465 3479 βρωτοῖσι
488 3397 535 3458 καί
556 3402 658 3459 ποτοῖσι
681 3398 728 3458 καὶ
751 3400 907 3479 μαγεύμασι

337 3507 569 3585 παρεκτρέποντες
591 3505 698 3582 ὀχετόν,
721 3506 791 3563 ῶστε
814 3505 852 3580 μὴ
875 3506 980 3564 θανεῖν·

339 3612 383 3682 ούς
405 3614 487 3690 χρῆν,
512 3609 621 3668 ἐπειδὰν
644 3607 732 3683 μηδὲν
756 3609 881 3688 ὠφελῶσι
903 3613 966 3688 γῆν,

338 3715 469 3785 θανόντας
493 3712 579 3793 ἔβρειν
602 3711 750 3772 κάκποδὼν
774 3705 843 3771 εἶναι
865 3713 945 3782 νέοις.

1272 3793 1305 3844 (Β.
1322 3793 1397 3842 Suppl.
1414 3795 1467 3833 1109
1476 3794 1536 3843 sqq.)

339 3872 375 3930 ‘0
399 3872 448 3946 μὲν
473 3871 531 3945 βίος
554 3869 668 3949 βθαλίίςι
692 3869 709 3944 θ
733 3867 764 3928 δὲ
787 3871 868 3946 τέχνη
893 3869 995 3949 μακρὴ)
1020 3871 1034 3926 ὁ
1058 3868 1088 3926 δὲ
1111 3868 1206 3946 καιρὸς
1229 3863 1300 3937 ὀξίς·
1387 3947 1537 3998 (Ηίνννστιθ)

340 4009 436 4084 Οίμοι·
459 4007 484 4068 τί
508 4007 541 4083 δὴ
566 4009 699 4088 βροτοῖσιν
723 4007 772 4067 ούκ
795 4009 863 4067 ἔστιν
885 4007 960 4085 τόδε,

340 4115 417 4184 νέους
440 4111 480 4184 δίς
503 4107 571 4172 εἶναι
594 4111 640 4172 καὶ
663 4115 793 4193 γέροντας
817 4107 849 4170 αὖ
871 4111 971 4190 πάλιν,

341 4219 408 4278 ἀλλ’
422 4219 451 4277 ἐν
475 4218 570 4294 δόμοις
593 4217 643 4292 μὲν
665 4217 699 4292 ἤν
722 4237 746 4276 τι
769 4217 807 4291 μὴ
829 4217 926 4288 καλῶς
950 4217 1011 4297 ἔχῃ,

340 4326 488 4402 γνώμαισιν
511 4323 659 4402 ὑστέραισιν
684 4319 876 4401 ἐξορθούμεθα,

341 4427 427 4488 αἰῶνα
450 4426 474 4486 δ’
488 4427 536 4486 οὺκ
560 4423 671 4498 ἔξεστιν.
696 4424 719 4484 εί
744 4422 851 4502 δ’ἦμεν
874 4425 930 4484 νέοι

341 4532 382 4604 δὶς
404 4529 450 4592 καὶ
472 4533 608 4611 γέροντες,
634 4529 660 4588 εί
680 4551 720 4601 τις
744 4527 925 4609 ἐξημάρτανε,

341 4638 436 4700 διπλοῖ
459 4635 516 4712 βίου
539 4638 678 4715 λαχόντες
702 4631 882 4716 ἐξωρθούμεθ’
897 4635 937 4693 ἄν.

1279 4715 1311 4766 (E.
1327 4714 1403 4765 suppl.
1420 4717 1537 4766 lowsqq.)
