3476 5490
881 529 1104 592 ,68-

395 723 514 794 τοιοῦτος
536 721 659 800 δπιχεῖν·
683 725 717 797 ἣν
741 721 772 781 δὲ
795 723 834 798 μὴ
857 723 919 796 θεδς
943 721 1019 803 διδῷ,

395 830 442 886 τοῦ
464 827 503 903 μὴ
527 825 647 898 διδόντος
671 827 725 886 ἔσθ’
740 828 889 907 ἁμάρτημ’,
914 829 944 888 οῦ
965 831 1075 908 τρόπου.

394 982 504 1058 *Ὅξθς
527 985 597 1044 θεῶν
620 983 761 1063 όρθαλμδς
784 984 813 1054 ές
835 984 870 1043 τδι
890 986 969 1045 πάντ’
981 983 1067 1045 ίδεῑν·

396 1088 461 1169 ἔσθ’,
474 1090 513 1162 ὡς
537 1089 634 1168 ἔοικεν,
659 1087 729 1148 ἔστιν
752 1091 803 1166 οῦχ
825 1090 965 1169 δρώμενον

392 1197 449 1266 τοῖς
472 1196 552 1265 ζῶσιν
574 1194 640 1269 ἡμῖν
663 1191 726 1252 οῦδὲ
748 1190 960 1272 προδοκώμενον

395 1296 544 1377 δαιμόνιον,
567 1293 591 1377 ᾧ
613 1298 696 1374 μέλει
718 1297 752 1357 τδι
773 1302 819 1358 τοῦ
841 1299 938 1374 θνητοῦ
962 1298 1030 1372 βίου.
1056 1345 1060 1356 ι

1223 1383 1255 1434 (ιι.
1271 1382 1305 1423 τι.
1322 1382 1382 1425 εισι.
1399 1383 1442 1424 τοι.
1456 1382 1474 1430 1,
1490 1381 1523 1430 ιν,
1538 1382 1576 1430 ιι.)

395 1452 510 1540 *Ὁρᾷς
532 1455 617 1532 Δίκην
641 1455 755 1516 ἄνσωδον
778 1455 829 1534 οθχ
852 1455 993 1538 ὁρωμένην

395 1560 497 1621 εῦδοιντι
519 1558 566 1620 καὶ
589 1559 721 1638 στείχοντι
743 1558 789 1620 καί
811 1561 972 1641 καθημένῳ,

394 1661 460 1741 ἑξῆς
483 1664 507 1724 δ’
519 1664 617 1740 όπηδεῑ
640 1664 762 1745 δόχμιοίτ,
788 1666 886 1726 ἀλλοθ
899 1667 1019 1748 θστερον.

392 1767 450 1830 ow
463 1769 630 1848 έγκαλθπτει
651 1767 697 1842 νὺξ
719 1775 813 1842 κακῶς
837 1769 1013 1851 εἰργασμένα,

393 1877 447 1956 ό,τι
470 1874 494 1934 δ’
508 1878 539 1933 ἂν
562 1880 644 1958 ποιῇς
665 1876 753 1951 νόμιζ’
766 1877 830 1956 δρᾶν
854 1877 923 1936 θεῶν
946 1898 1014 1937 τινα.

398 2049 483 2132 Ὁρᾷς
505 2050 550 2108 τδν
573 2049 638 2126 ῦψοῦ
660 2048 732 2109 τόνδ’
750 2051 860 2132 ἄπειρον
883 2049 978 2133 αἰθέρα

392 2153 438 2214 καὶ
461 2159 513 2232 γῆν
536 2152 615 2235 πέριξ
638 2153 728 2234 ἔχονθ’
742 2157 837 2234 ὑγραῖς
854 2157 882 2215 ἐν
906 2157 1053 2236 ἀγναίλαις,

334 2305 338 2315 .
391 2261 483 2318 τοῦτον
506 2261 599 2334 νόμιζε
621 2261 707 2340 Ζῆνα,
731 2260 803 2320 τόνδ’
816 2263 885 2340 ἡγοῦ
908 2263 979 2324 θεόν.

1148 2361 1181 2413 (fl.
1196 2361 1231 2402 Fr.
1246 2361 1322 2403 ἰιιοοτι.
1338 2365 1357 2410 1,
1373 2361 1405 2403 el.
1414 2361 1473 2402 Alex.
1487 2360 1531 2399 str.
1544 2356 1575 2406 θ.)

391 2428 552 2512 *Ὁρμᾶται
575 2432 664 2513 μόλις,
689 2432 757 2492 ἀλλ’
771 2435 846 2507 ὅμως

390 2536 483 2596 πιστόν
505 2556 530 2594 τι
552 2537 582 2594 τό
605 2537 677 2596 θεῖον

392 2641 499 2712 σθένος·
525 2637 665 2702 ἀπευθῦναι
688 2642 718 2701 δὲ
742 2641 845 2721 βροτῶν

392 2746 452 2817 τοῦς
474 2745 497 2804 τ’
510 2746 704 2824 ἀγνωμοσύναν

391 2855 534 2924 τιμῶντας,
558 2849 604 2910 καί
628 2851 667 2928 μὴ
689 2851 724 2910 τὰ
745 2853 815 2912 θεῶν

393 2951 523 3028 αθξοντας
547 2955 592 3014 σῦν
615 2957 769 3041 μαινομένᾳ
791 2956 869 3040 δόκρ,

391 3060 566 3140 κρυπτεθουσι
589 3059 621 3118 δὲ
642 3061 776 3133 ποικίλως

391 3163 473 3245 δαρδν
495 3166 595 3246 χρόνου
618 3165 690 3226 πόδα
713 3165 761 3226 καὶ

391 3269 508 3349 θηρῶσιν
530 3270 576 3328 τδν
600 3271 726 3330 όίσεπτον.

1335 3355 1368 3404 (Ε.
1385 3354 1461 3396 Bacch.
1476 3355 1512 3396 8⁸2
1522 3351 1572 3402 σιτ.)

391 3425 464 3506 Ὅρῦ
486 3426 520 3486 τὰ
542 3431 596 3486 τῶν
619 3429 699 3507 θεῶν,
724 3429 762 3501 ὡς
784 3428 819 3488 τὰ
841 3428 892 3504 μὲν
913 3429 1040 3509 πυργοῦσ’
1055 3429 1110 3489 ἄνω

389 3529 422 3589 τὰ
445 3530 532 3608 μηδὲν
556 3531 630 3611 δντα,
654 3532 688 3591 τὰ
711 3531 742 3592 δὲ
766 3530 886 3593 δοκοῦντ’
901 3533 1058 3596 ἀπώλεσαν.

1353 3635 1388 3682 (E.
1404 3633 1477 3675 Ττοιιδ.
1492 3631 1572 3681 θθθδιθ

388 3722 441 3795 ⁰03
464 3743 497 3783 ,ε
520 3723 593 3794 θεοῖς
616 3722 796 3800 ἐπιπείθηται,
821 3724 900 3799 μάλα
922 3725 946 3784 τ’
960 3725 1058 3785 έκλυον
1082 3726 1169 3788 αθτοῦ.
1374 3807 1392 3847 Η
1451 3807 1469 3848 H
1491 3806 1500 3847 1
1521 3805 1571 3854 m)

1364 3810 1371 3858 (
1394 3819 1436 3856 οιπ,
1471 3837 1477 3848 .
1503 3839 1507 3854 ι
1558 3835 1562 3845 ·

388 3891 483 3968 Ὅστις
505 3895 559 3977 γὰρ
582 3897 661 3975 αῦχεῖ
682 3897 752 3957 θεῶν
777 3897 932 3958 ἐπίστασθαι
954 3899 1025 3981 πέρι,

392 3999 472 4060 σῦδέν
495 4021 519 4061 τι
543 4001 654 4078 μᾶλλον
677 3996 751 4062 οίδεν
773 4005 791 4076 ἡ
813 4001 901 4063 πείθει
923 4003 1026 4083 λέγων.

1327 4085 1360 4138 (π,
1376 4087 1410 4128 τι.
1427 4087 1516 4128 Philon.
1531 4083 1571 4130 τι.)

388 4171 511 4248 *Ὅστις
535 4173 566 4235 δὲ
589 4176 693 4251 θνητῶν
716 4176 800 4238 οίεται
822 4177 884 4238 καθ’
898 4179 1004 4258 ἡμέραν

385 4280 473 4340 κακόν
495 4300 520 4340 τι
542 4279 670 4341 πόσίσσων
693 4280 753 4353 τοῦς
775 4282 853 4354 θεοὺς
875 4282 1036 4361 λεληθέναι,

386 4384 463 4445 δοκεῖ
484 4384 600 4466 πονηρὰ,
624 4383 671 4445 καὶ
695 4385 783 4445 δοκῶν
807 4385 957 4468 ἁλίσκεται,

386 4492 450 4551 ὅταν
472 4491 579 4569 σχολὴν
603 4491 709 4569 ἄγουσα
730 4493 852 4574 τυγχάνῃ
875 4493 953 4570 Δίκη.

1327 4579 1359 4628 ιω.
1375 4579 1408 4620 τι.
1426 4579 1495 4620 Ριιιι.
1511 4577 1571 4626 τιτι.)
1657 4629 1659 4631 ,
1699 4623 1700 4634 ,

387 4665 475 4725 Ὅταν
499 4665 603 4744 σἰγαθδν
625 4667 758 4750 προίασης,
782 4667 861 4738 θεοὺς
884 4665 957 4744 μηδὲ
980 4670 1089 4729 σεαντδν
1114 4657 1200 4731 αἰτιῶ.

1500 4753 1570 4804 (Bina)
