3478 5490
882 513 1117 579 -110-

407 757 414 772 .
440 759 446 772 .
472 758 478 771 .
503 708 609 788 γυναικί
630 729 669 770 τοι

406 812 516 894 αἰσχρόν
540 816 599 890 μετ’
614 815 718 895 ἀνδρῶν
742 814 848 875 ἑστάναι
871 821 994 875 νεανιῶν.

1388 899 1422 950 (ιν.
1437 898 1522 940 Εισαιι
1534 897 1583 948 ιιι.)

406 973 537 1045 Γυναικός
558 973 665 1053 ἀγαθῆς
688 971 820 1050 ἐπιτυχεῖν
844 973 873 1032 ού
897 968 998 1054 ῥᾴδιον.

1082 1054 1171 1106 (Diphil.
1187 1054 1272 1104 ίποειί..
1287 1054 1405 1104 minente,
1420 1067 1440 1096 ι.
1451 1055 1487 1102 Π,
1503 1066 1524 1105 μ.
1534 1055 1583 1102 m.)

407 1128 536 1200 Γυναικός
558 1127 583 1187 δ’
596 1128 673 1188 ούδὲν
695 1128 780 1208 χρῆμ’
794 1127 861 1207 ἀνὴρ
883 1123 1008 1204 ληίζεται

409 1223 510 1308 ἐσθλῆς
533 1232 653 1314 ἄμεινον,
677 1230 741 1291 ούδὲ
763 1231 847 1312 ῥίγιον
869 1237 968 1306 κακῆς.

1260 1314 1371 1366 (Simonid.
1387 1315 1455 1357 θύοιεν.
1470 1315 1529 1356 Alex.
1543 1313 1582 1366 vl.)

405 1387 534 1460 Γυναικός
557 1388 634 1465 ὄμμα
655 1391 711 1461 τοῖς
734 1388 897 1464 ἆθμάζθυθίν
921 1387 1015 1461 βέλος·
1453 1471 1518 1524 (meh
1538 1470 1581 1522 Ap)

407 1544 427 1602 Γ
429 1544 544 1623 υναῖχ’ό
568 1543 703 1604 διδάσκων
725 1545 865 1624 γράμματ’
877 1545 907 1604 ού
930 1545 1026 1616 καλῶς
1047 1547 1127 1624 ποιεῖ,

406 1648 496 1709 ἀσπίδι
520 1646 551 1708 δὲ
573 1647 677 1731 φοβερᾷ
698 1649 870 1730 προσπορίζει
892 1651 1044 1729 φάρμακον.

1105 1733 1172 1784 (Mon.
1187 1731 1272 1780 inem..
1287 1731 1406 1780 Meineeko,
1421 1743 1441 1772 v.
1454 1731 1488 1780 Π,
1502 1742 1522 1782 μ.
1531 1731 1580 1778 M.)

407 1831 477 1891 ΓΥΝ
484 1832 521 1891 H:
546 1827 645 1912 ἀνδρός
668 1832 820 1908 ἑπιθύμιον·
844 1831 918 1892 οἴκου
940 1832 1028 1908 ζάλη·
1047 1829 1104 1907 βίου
1128 1833 1245 1904 ἅλωσις·

541 1935 703 2016 ἀμεριμνίας
726 1935 870 2012 ἐμπόδιον·
895 1934 1052 2016 αὐθαίρετος
1075 1938 1171 2014 μάχη·
1194 1936 1363 2015 καθημερινὴ

542 2040 644 2116 ζημία·
667 2042 861 2166 κεκρσμημὲνη
885 2040 1016 2100 Σκύλλα·
1038 2039 1195 2115 πολυτελὴς
1217 2041 1349 2115 πόλεμος.

406 2205 474 2280 Γυνὴ
498 2205 551 2285 γὰρ
576 2205 603 2265 ἐν
625 2209 731 2266 κακοῖσι
753 2205 800 2266 καὶ
821 2208 909 2278 νόσοις
931 2207 1009 2266 πόσει

403 2309 511 2385 ἥδιστόν
535 2311 599 2388 ἐστι,
623 2309 771 2385 δώματ“ἢν
796 2309 856 2392 οἰκῇ
879 2310 975 2382 καλῶς

404 2414 488 2493 ὀργήν
509 2435 539 2473 τε
561 2409 714 2494 πραΰνουσα
736 2411 783 2474 καὶ
806 2413 950 2490 δυσθυμίας

404 2519 496 2596 ψυχὴν
518 2517 665 2594 μεθίστσσ’.

1358 2601 1391 2652 ιω.
1408 2601 1442 2644 σι.
1457 2600 1524 2642 pm.
1538 2598 1578 2648 νιν
1628 2589 1638 2610 ’

404 2674 473 2748 Γυνὴ
496 2675 549 2754 γὰρ
572 2672 722 2747 ἐξελθοῦσα
743 2668 875 2756 πατρῴων
899 2673 990 2750 δόμων

406 2777 436 2838 ού
457 2783 510 2836 τῶν
532 2781 664 2838 τεκόντων
688 2777 768 2860 ἐστὶν,
795 2775 873 2839 ἀλλὰ
893 2787 939 2838 τοῦ
961 2779 1071 2857 λέχους.

1359 2863 1393 2914 (Ε.
1408 2863 1443 2904 Fr.
1459 2863 1526 2904 ῠισιθ
1539 2861 1577 2908 11.)

406 2935 473 3010 Γυνὴ
496 2933 549 3014 γὰρ
572 2931 712 3014 ὀξύθυμος,
736 2937 775 3006 ὡς
797 2934 821 2994 δ’
835 2933 921 3006 οὕτως
944 2935 1021 3014 ἀνὴρ,

402 3036 475 3120 ῥᾴων
497 3039 651 3119 φυλάσσειν,
673 3043 691 3114 ἢ
715 3039 854 3114 σῑωπηλθς
877 3042 966 3118 σθθθς·
1359 3123 1386 3174 (E
1409 3122 1481 3164 Μ..
1493 3123 1575 3170 ³1⁹qu

404 3196 472 3272 Γυνὴ
495 3195 548 3276 γὰρ
572 3194 650 3256 ούδὲν
673 3191 732 3256 οἶδε
754 3197 827 3272 πλὴν
849 3199 865 3255 δ
888 3197 1025 3270 βούλεται.

1088 3280 1153 3330 (λύειν.
1167 3279 1267 3328 Manat..
1282 3279 1400 3328 Μείιιοοὶσ,
1416 3291 1436 3320 ν.
1448 3278 1482 3328 Π,
1496 3289 1515 3329 μ.
1526 3279 1575 3326 ³42.)

405 3351 473 3426 Γυνὴ
496 3355 551 3432 χοίρ
572 3353 596 3412 π’
609 3353 686 3412 ἄλλα
708 3354 759 3429 μὲν
782 3351 864 3432 φόβου
886 3353 970 3432 πλέα,

401 3458 474 3533 κακὴ
498 3459 523 3517 δ’
536 3457 565 3528 ἐς
587 3457 677 3532 ἀλκὴν
699 3455 746 3516 καὶ
767 3455 877 3538 σίδηρον
899 3456 1016 3536 εἰσορᾶν,

402 3563 466 3620 όταν
490 3561 515 3621 δ’
528 3561 558 3632 ἐς
581 3561 659 3636 εύνὴν
681 3559 833 3637 ἠδικημένη
856 3567 933 3644 κυρῇ,

403 3664 451 3725 ούκ
474 3665 543 3724 ἐστιν
566 3665 643 3740 ἄλλη
667 3664 734 3745 φρὴν
757 3667 964 3746 μισιφονωτέρα.

402 3856 501 3916 ΓΥΝΗ
524 3855 693 3916 ΓΕΝΝΑΙΑ
715 3856 803 3928 πλοῦς
825 3857 936 3933 ἀκύμων
957 3857 1072 3937 συζύγῳ,

718 3959 847 4042 εύρωστίσ
869 3961 1006 4041 σύμφυλος
1028 3961 1059 4020 ού
1082 3961 1236 4036 συλωμένη.

718 4065 900 4145 καθημερινὸν
922 4063 1020 4146 κέρδος
1043 4062 1073 4138 ἐξ
1098 4065 1237 4146 ἐργασίας.

720 4174 809 4248 γῆρας
830 4169 946 4250 λιπαρόν
970 4169 1064 4252 εύνέιη
1087 4167 1222 4250 μακαρίῳ.

719 4272 807 4353 δῶρον
828 4274 900 4353 θεοῦ,
923 4273 1050 4354 σύνεδρος
1070 4273 1225 4354 ἀμεριμνία.

723 4377 832 4452 εύηλιον
855 4383 920 4458 φῶς,
943 4374 1010 4460 ἦρος
1032 4377 1173 4454 ἡδυθυμία.

718 4479 857 4560 πρόδηλον
881 4483 957 4562 σίκυς,
983 4481 1122 4560 συμφανὴς
1145 4481 1272 4563 σωτηρία.

720 4587 792 4665 φύσις
815 4586 916 4664 ἀγαθὴ,
939 4585 1048 4667 φίλτρον
1072 4585 1104 4646 ἐκ
1125 4593 1175 4663 τῆς
1196 4585 1320 4668 καρδίας.

719 4689 777 4768 βίου
798 4691 966 4772 πλατυσμὸς,
995 4691 1105 4771 ἀγαθῶν
1128 4693 1276 4772 μυρμηκιοί.
