3516 5500
679 495 919 590 4327-

431 713 603 802 Sumptus
627 715 680 804 (af.
705 717 922 802 Prodigalitas,
945 679 1172 808 Parsimonia).¹

200 853 252 927 Ὦς
275 853 474 933 τεθνηξόμενος
495 863 549 918 τῶν
572 865 627 920 σῶν
651 855 763 940 ἀγαθῶν
786 860 920 942 ἀπόλαυε,

306 964 344 1034 ὡς
368 962 399 1022 δὲ
423 963 591 1040 βιωσόμενος
613 965 704 1044 φείδεο
728 969 782 1024 σῶν
804 968 941 1027 κτεάνων·

202 1065 259 1126 ἔστι
282 1066 308 1126 δ’
321 1067 389 1148 ἀνὴρ
412 1069 493 1147 σοφὸς
515 1063 603 1149 ούτας,
627 1071 657 1140 δς
680 1069 761 1150 άμφω
782 1075 865 1130 ταῦτα
888 1075 999 1153 νοήσας,

306 1171 396 1251 φειδοῖ
417 1170 464 1232 καί
488 1172 596 1257 δαπάνῃ
619 1174 717 1256 μέτρον
740 1175 921 1256 ἐφηρμόσατο.

1095 1262 1194 1314 (auem,
1208 1263 1297 1305 αωιοι.
1312 1263 1338 1314 ιι,
1352 1264 1396 1316 να.)

392 1421 752 1510 superabundantia,
775 1423 996 1511 Supervacuua
1019 1425 1072 1513 (af.
1098 1427 1230 1516 Modus).

201 1566 238 1624 ‘0
261 1565 316 1646 γὰρ
337 1570 391 1625 τῶν
413 1572 547 1646 περισσῶν
578 1567 664 1644 ζῆλος
694 1568 770 1640 εύδύς
800 1567 948 1630 ἀκολουθεῖ
977 1567 1023 1630 καί
1051 1569 1225 1642 συνοικίζεται
1254 1575 1288 1653 τῇ
1314 1571 1396 1654 χρείᾳ

201 1677 257 1730 τῶν
280 1670 447 1750 ἀναγκαίων.

1123 1760 1242 1812 (Pluma.
1258 1760 1292 1802 Or.
1308 1760 1325 1811 1,
1341 1761 1396 1812 168.)

201 1830 263 1890 Πάν
284 1831 315 1890 τδ
336 1831 459 1910 περιττὸν
489 1830 610 1910 ἄκαιρον,
642 1829 701 1890 ἐπεὶ
723 1831 810 1910 λύγος
842 1830 898 1892 ἐστὶ
919 1831 1056 1905 παλαιός·

307 1936 345 2006 ὡς
368 1931 414 1994 καὶ
436 1937 482 1993 τού
504 1935 617 2010 μέλιτος
638 1936 670 1995 εδ
691 1935 778 1996 πλέον
802 1933 858 1996 ἐστὶ
878 1937 965 2015 χολή.
1314 2020 1351 2062 Β,

1345 2033 1351 2062 1
1379 2051 1385 2064 ι

201 2093 237 2152 Τί
260 2095 345 2152 ταῦτα
366 2090 482 2152 πολλῶν
506 2091 634 2172 ῥημάτων
658 2091 696 2151 ἔτ’
709 2089 765 2151 ἐστί
787 2113 844 2170 σοι,
1304 2022 1395 2074 (W)

200 2197 236 2258 τὰ
257 2196 312 2277 γὰρ
333 2195 448 2277 περισσὰ
469 2198 610 2274 πανταχοῦ
631 2195 732 2277 λιπάρ’
746 2195 809 2272 ἔπη·
1242 2282 1266 2332 (s
1291 2281 1318 2322 rr
1341 2283 1396 2334 ιω)

270 2445 448 2533 Superbia
471 2444 524 2533 (af.
548 2444 688 2531 Iactatio,
712 2445 911 2530 Απυςπιιτῖυ,
936 2445 1117 2530 Insolentia,
1141 2446 1330 2528 Humilitaa).

203 2585 301 2672 Ἐφίἷν
324 2593 431 2672 φρονεῖς
453 2591 590 2669 μέγιστον,
613 2587 715 2648 ἀπολεῖ
736 2591 814 2649 τοῖντύ
837 2609 882 2648 σε·

201 2698 232 2756 τύ
256 2695 348 2757 δοκεῖν
369 2695 420 2755 τιν’
433 2689 512 2756 εἶναι.

1019 2777 1085 2828 (uon.
1100 2777 1206 2826 uanae,
1220 2789 1241 2818 v.
1256 2777 1291 2826 lv,
1306 2789 1327 2828 p.
1342 2778 1398 2828 114.)

202 2868 260 2930 Καὶ
283 2871 330 2928 σοῦ
352 2869 400 2945 τὴν
424 2869 502 2949 ὀφρύν
524 2867 571 2928 καὶ
593 2869 639 2928 τδν
661 2871 740 2948 πῖφον
762 2867 940 2948 καταπαύσει,

308 2973 360 3034 κδιν
382 2974 506 3048 ποταμὸς
527 2976 628 3053 χρυσοῦ
650 2974 760 3047 νάματά
782 2993 825 3034 σοι
846 2973 971 3056 παρέχῃ·

202 3079 233 3140 ού
256 3080 346 3160 θρύον,
369 3080 400 3139 ού
422 3077 557 3167 μαλάχην
580 3073 683 3154 σίνεμδς
705 3097 781 3160 ποτε,
803 3077 853 3150 τὰς
876 3075 907 3136 δὲ
931 3077 1063 3156 μεγίστας

306 3187 325 3260 ἦ
349 3183 440 3265 δρύας,
464 3187 482 3258 ἢ
505 3183 670 3263 πλατάνους,
695 3177 753 3242 aas
775 3175 865 3261 χαμαί
887 3184 1027 3260 δαῖᾶῖεῑί·
1062 3263 1177 3316 (aunuum
1200 3262 1280 3306 ,,,,,,,
1301 3261 1318 3303 1
1342 3263 1398 3315 na)

203 3344 266 3402 Κάν
288 3343 372 3421 μέχρι
393 3342 497 3419 νεφέων
520 3339 567 3415 τὴν
591 3338 669 3420 δφρύν
693 3339 862 3420 διασπάσῃς,

204 3449 218 3506 δ
241 3448 359 3518 θάνατος
383 3446 466 3520 ούτλν
488 3449 579 3505 πᾶσαν
603 3443 714 3504 ἑλκύσει
736 3445 822 3504 κάτω.

901 3523 1004 3577 (Philam.
1020 3523 1096 3566 inaura.
1112 3523 1218 3572 Mainake.
1233 3535 1253 3564 v.
1268 3521 1304 3572 Ia.
1319 3534 1340 3574 p.
1355 3522 1399 3574 58.)

205 3651 212 3665 .
239 3651 246 3666 .
272 3652 279 3666 .
304 3602 424 3682 μεγάλοι
448 3601 480 3662 δὲ
502 3601 592 3682 λόγοι,

205 3707 336 3787 μεγάλας
356 3706 470 3786 πληγὰς
492 3710 545 3766 τῶν
568 3704 729 3785 ὑπεραύχων

206 3810 394 3892 ἀποτίσαντες,

205 3921 280 4000 γήρᾳ
301 3917 332 3976 τδ
353 3917 459 3997 φρονεῖν
482 3911 620 3987 ἐδίδαξαν.
1198 3989 1202 3998 Ι

1104 3991 1136 4042 (S.
1151 3991 1267 4041 Anagone,
1283 3991 1334 4032 1³50
1343 3990 1400 4042 sqq.)

207 4123 213 4136 .
240 4123 246 4136 .
272 4123 279 4136 .
305 4073 376 4151 μηδὲ
401 4072 552 4151 μεγαλίζεο
576 4069 661 4150 θυμῷ·
1187 4147 1257 4198 (nom.
1273 4145 1300 4188 τι.
1316 4145 1400 4198 κω.)

207 4233 283 4309 Mau*
297 4231 439 4310 εύτύχημα
462 4227 550 4306 μηδὲν
573 4223 622 4288 ὧδ’
636 4228 706 4287 ἔστω
731 4227 815 4305 μέγα,

207 4341 221 4399 ύ
244 4341 269 4400 α’
283 4334 415 4418 ἐξεπαίρῃ
439 4337 542 4415 μεῖζον,
565 4337 583 4410 ἡ
605 4333 707 4414 χρεὼν,
730 4334 845 4414 φρονεῖν,

208 4441 284 4523 μηδ’,
308 4443 341 4502 ἅν
362 4462 386 4501 τι
409 4441 500 4522 συμβῇ
524 4437 665 4519 δυσχερὲς,
689 4437 789 4497 δουλοῦ
811 4435 905 4514 πάλιν,

208 4547 275 4608 ἀλλ’
289 4549 368 4618 αύτδς
392 4539 445 4606 αἰεί
471 4544 563 4623 μίμνε,
586 4545 635 4620 τὴν
659 4546 756 4603 σαυτοῦ
778 4541 851 4621 φύσιν

98 4675 103 4685 ·
209 4649 302 4724 σώζων
327 4651 457 4730 βεβαίως,
481 4651 551 4710 ῶστε
573 4650 675 4729 χρυοδς
699 4647 727 4707 ἐν
749 4645 820 4726 πυρί.
