3532 5500
687 545 927 610 -255-

211 741 305 816 Ῥῆσις
328 740 447 820 βραχεῖα
468 741 525 809 τοῖς
546 742 666 820 φρονοῦσι
690 733 814 820 σώφρονα

209 845 278 923 πρός
299 844 361 914 τοὺς
376 846 504 916 τεκόντας
519 841 566 904 καὶ
581 845 757 921 φυτεύσαντας
780 845 885 924 πρέπει.

210 983 252 1041 To
274 981 327 1062 γὰρ
350 983 484 1042 τεκόντων
509 983 592 1056 σέβας

210 1087 300 1167 τρίτον
321 1085 379 1146 τόδ’
392 1087 421 1146 ἐν
444 1085 567 1162 θεσμίοις

212 1188 293 1262 δίκας
315 1194 468 1272 γέγραπται
491 1192 690 1274 μεγιστοτίμου.

1155 1279 1189 1328 (Α.
1205 1279 1280 1330 Suppr.
1295 1281 1333 1321 ἰ’θῖ
1347 1281 1404 1332 sqq.)

212 1381 293 1429 *-*
304 1385 432 1456 Τοιοῦτος
454 1385 548 1464 γίγνου
570 1384 631 1466 περὶ
654 1385 715 1457 τοὺς
738 1388 839 1466 γονεῖς,
864 1383 936 1457 οἵους
966 1387 998 1444 ἂν
1022 1382 1113 1458 εὔξαιο
1139 1384 1201 1467 περὶ
1224 1387 1334 1446 σεαυτόν
1357 1409 1404 1465 γε·

211 1489 305 1548 νέσθαι
328 1489 388 1561 τοὺς
410 1494 506 1549 σαατοϋ
526 1488 636 1561 παῖδας.

1085 1575 1181 1623 (Ισσσιτιῖ.
1197 1575 1223 1614 nd
1237 1575 1407 1627 Demonactem.)

212 1644 299 1703 Χαλα
321 1649 442 1704 τοκεῦσιν
466 1643 577 1717 εἰκότως
598 1647 785 1720 θνμσυμὲνοις.

1204 1732 1237 1782 (Β.
1253 1731 1334 1772 Ησσιιθ.
1349 1733 1406 1784 466.)

214 1845 222 1859 .
249 1849 256 1862 .
282 1845 289 1860 .
314 1801 351 1872 ὡς
374 1801 479 1878 ἀληθὲς
501 1799 536 1878 ἦν
559 1804 611 1881 ἄρα

214 1904 321 1964 ἐσθλῶν
344 1906 391 1966 ἀπ’
405 1907 510 1987 ἀνδρῶν
534 1907 620 1966 ἐσθλὰ
641 1907 780 1986 γίγνεσθαι
803 1909 896 1979 τέκνα,

213 2015 309 2068 κακῶν
332 2009 450 2084 δ’όμσια
472 2015 505 2092 τῇ
528 2012 602 2090 φθσει
624 2017 657 2093 τῇ
679 2015 725 2072 τοῖν
747 2015 859 2092 πατρός.
1028 2076 1029 2080 ,

1113 2097 1146 2148 (Ε.
1162 2097 1196 2138 Fr.
1211 2096 1335 2146 Αίσιιισοοιι,
1350 2097 1407 2150 Vll.)

342 2251 577 2320 Parsimonia
600 2254 653 2338 (ef.
677 2253 836 2338 Sumpturr,
860 2254 1012 2335 Avaritia,
1036 2253 1268 2338 Prodigalitas).

215 2391 268 2454 Ἂν
291 2393 341 2468 μὲν
365 2395 494 2470 πλέωμεν
516 2396 628 2474 ἡμερῶν
649 2415 700 2454 που
722 2399 869 2475 τεττάρων,

104 2543 111 2554 .
217 2500 391 2574 σκεπτόμεθα
412 2499 555 2577 τάναγκαῖ’
571 2501 689 2575 ἑκάστης
710 2501 832 2580 ἡμέρας·

217 2602 251 2662 ἂν
275 2603 309 2684 δῇ
333 2603 364 2662 δὲ
386 2599 527 2683 φείσασθαί
550 2625 574 2664 τι
596 2607 642 2663 τοῖν
664 2606 757 2684 γήρως
779 2608 869 2684 χάριν,

216 2708 248 2766 σὺ
270 2709 424 2786 φεισόμεσθ
437 2709 532 2788 ἐφόδια
553 2709 785 2790 περιποιούμενοιη

1030 2793 1095 2844 (Men.
1111 2792 1217 2842 ΜείιιεΙιε,
1233 2805 1252 2834 r.
1269 2793 1303 2840 IV.
1318 2805 1338 2844 p.
1354 2793 1411 2844 242.)

219 2911 228 2926 .
254 2913 261 2926 .
286 2915 293 2927 .
317 2867 403 2926 κακόν
427 2865 467 2942 δὲ,
490 2869 642 2945 χρημάτων
665 2866 748 2926 όντων
772 2867 845 2944 ἅλις,

218 2969 308 3050 φειδοῖ
328 2971 434 3051 πονηρᾷ
457 2971 545 3046 μηδὲν
569 2965 598 3030 εὖ
620 2975 707 3032 ποιεῖν
731 2971 843 3051 βροτῶν.

1187 3055 1221 3106 (Ε.
1236 3055 1270 3095 rr.
1287 3055 1332 3104 Ino,
1348 3055 1412 3106 XVI.)

222 3131 363 3208 Λαμπρῶς
384 3129 439 3208 γάρ
463 3127 528 3188 ἔνιοι
550 3129 640 3206 ζῶσιν,
664 3119 705 3199 οἷς
727 3127 925 3206 χαλεπώτερον

217 3235 267 3291 τοῦ
288 3231 512 3312 περιποιήσασθαί
533 3253 558 3292 τι
579 3233 610 3291 τό
633 3229 751 3311 φυλάξαι
775 3231 842 3307 βίον.

1030 3317 1096 3367 (Men.
1111 3315 1218 3365 Meineke,
1233 3328 1253 3356 ν.
1270 3315 1304 3364 IV.
1319 3326 1340 3366 p.
1357 3317 1414 3366 272.)

220 3424 259 3484 Οἱ
277 3423 407 3504 φειδωλοὶ
422 3425 468 3484 τόν
483 3429 533 3500 της
549 3423 683 3500 μελίσσης
707 3417 779 3483 οἶτον
796 3423 914 3504 ἔχουσιν,
932 3424 1111 3504 ἐργαζόμενοι
1127 3427 1164 3496 ὡς
1180 3416 1224 3482 ἀεί
1240 3424 1411 3499 βιωσόμενοι.

1089 3526 1213 3577 (Damnem.
1228 3526 1287 3566 Skob.
1302 3525 1355 3574 XVI,
1372 3525 1414 3576 16.)

221 3598 366 3670 Πολλάκις
389 3597 466 3660 δοκεῖ
486 3600 516 3658 τδ
538 3595 653 3678 φυλάξαι
676 3597 784 3677 τάγαθὰ
806 3603 852 3658 τοῦ
875 3601 1024 3674 κτήσασθαι
1046 3599 1242 3678 χαλεπώτερον
1267 3594 1346 3658 εἶναι,

1277 3699 1414 3750 (Democrit.)

219 3770 260 3833 Ὦ
282 3772 339 3853 τρὶς
360 3771 550 3853 κακοδαίμων,
574 3775 644 3845 ὅστις
668 3772 700 3832 ἐκ
722 3771 873 3852 φειδωλίας

220 3878 354 3937 κατέθετο
379 3879 457 3956 μῖσος
481 3876 623 3936 διπλάσιον
646 3882 696 3951 τῆς
718 3875 819 3947 οθσίας.

951 3961 1016 4010 (Men.
1032 3959 1106 4000 incert.
1121 3959 1227 4006 Mainake,
1238 3971 1258 4000 r.
1274 3960 1309 4008 lv,
1324 3971 1345 4008 p.
1356 3961 1416 4008 256.)

653 4137 800 4222 PartuS,
823 4135 990 4200 Parturire.

225 4328 233 4342 .
259 4329 266 4342 .
291 4325 299 4339 .
324 4277 381 4358 τρίς
403 4281 436 4338 άν
458 4277 520 4359 παρ’
534 4278 636 4338 ἀσπίδα

223 4389 320 4459 στῖηναι
342 4383 451 4458 θέλοιμ’
464 4385 496 4441 ἂν
520 4382 640 4462 μᾶλλον,
663 4385 681 4457 θ)
704 4385 792 4442 τεκεῖν
817 4379 898 4454 ἅπαξ.

1178 4467 1211 4518 (ιι.
1227 4464 1309 4514 ιιοιιει,
1323 4467 1363 4507 νει)
1377 4455 1418 4517 a.)

223 4523 337 4584 Ὤδινεν
361 4521 433 4602 όρος,
458 4517 518 4581 είτα
540 4524 590 4597 μῦν
613 4522 756 4582 ἀπέτεκεν.
1347 4605 1418 4654 Prov)

224 4677 337 4740 Ὤδινεν
359 4679 432 4760 όρος,
456 4679 526 4751 Ζείις
549 4678 573 4737 δ’
588 4678 721 4758 ἐφοβεῖτο,
744 4680 775 4738 τό
798 4677 822 4736 δ’
836 4678 929 4738 ἔτεκεν
952 4681 1011 4753 μῦν.
1336 4607 1344 4656 (

1190 4761 1278 4812 (Athen.
1294 4761 1347 4810 xlv,
1362 4761 1419 4812 616.)
