3476 5490
650 556 866 622 „33-

164 751 288 834 Προβᾶσ’
301 750 344 812 ἐπ’
358 751 473 830 έοχατον
496 751 620 832 θράσους,

162 856 273 934 ὑψηλὸν
296 856 326 929 ές
348 855 434 928 Δίκας
456 854 557 938 βάθρον

162 962 342 1042 προσέπεσες.

1074 1041 1105 1094 (S.
1120 1041 1238 1094 Antigone,
1252 1042 1357 1092 &58³qu

164 1127 241 1208 Πρὸς
263 1127 316 1202 μὲν
338 1125 401 1197 τούς
423 1124 560 1198 ἐναντίους
582 1124 698 1206 τόλμαν,
720 1125 790 1204 πρὸς
813 1123 844 1183 δὲ
865 1123 928 1197 τούς
948 1125 1134 1204 τεταγμένους
1157 1121 1271 1186 εὔνοιαν.

164 1290 243 1372 Πρὸς
265 1283 346 1374 σοφίᾳ
368 1291 419 1366 μέν
443 1290 517 1370 έχειν
540 1289 646 1366 τόλμαν
669 1290 748 1366 μάλα
770 1289 904 1370 σύμφορόν
928 1289 992 1369 ἐστι,

271 1393 357 1478 χωρίς
380 1393 411 1455 δέ
434 1394 571 1476 βλαβερὴ,
594 1392 641 1456 καί
662 1395 803 1472 κοινότητα
823 1395 907 1476 φέρει.

166 1609 176 1624 .
201 1605 209 1622 .
236 1609 243 1622 .
270 1561 406 1642 σραλερθν
428 1561 542 1641 ἡγεμὼν
564 1561 663 1642 θρασύς

165 1660 238 1738 νεώς
259 1686 291 1726 τε
312 1666 427 1741 ναύτης·
450 1667 553 1745 ἥσυχος
574 1664 662 1748 καιρῷ
685 1666 775 1746 σορύς.

165 1768 214 1830 καὶ
236 1771 313 1830 τοῦτό
334 1791 375 1831 τοι
397 1770 421 1830 τ’
436 1769 570 1852 ἀνδρεῖον,
593 1774 611 1846 ἡ
633 1769 784 1854 προμηθία.

166 1936 212 1996 Τὰ
232 1935 329 1997 πολλὰ
350 1935 466 2012 τολμᾶν,
490 1937 576 1997 πόλλ’
588 1938 752 2018 ἁμαρτάνειν
774 1939 855 1998 ποιεῖ.

166 2098 212 2160 Τοί
234 2121 274 2160 τοι
297 2101 413 2180 μέγιστα
434 2101 513 2161 πάντ’
525 2101 708 2183 ἀπεργάζεται
731 2101 838 2180 βροτοῖς

167 2201 261 2285 τίλμ’,
284 2205 355 2265 ύοτε
377 2211 468 2266 νικᾶν·
493 2203 555 2266 ούτε
578 2205 632 2286 γὰρ
654 2205 809 2286 τυραννίδες

168 2309 256 2391 χωρίς
276 2313 360 2371 πονου
382 2309 497 2390 γένοιντ’
512 2313 553 2392 σίν,
578 2309 633 2372 ούι’
646 2305 723 2385 οίκος
746 2313 845 2390 μέγας.

171 2477 273 2554 Τὸλμα
296 2476 350 2560 ύεί,
371 2477 424 2537 κοίν
446 2497 471 2538 τι
492 2477 578 2558 τρηχύ
600 2478 703 2554 νέμωσι
725 2477 793 2538 θεοί.

170 2643 283 2724 Τόλμα,
306 2643 385 2722 θυμέ,
407 2645 530 2704 κακοῖσιν
553 2645 630 2720 ὅμως
651 2643 759 2720 ἄτλητα
779 2643 936 2714 πεπονθώς·

172 2747 273 2808 δειλῶν
296 2767 337 2808 τοι
359 2745 459 2829 κραδίη
482 2741 585 2827 γίνεται
607 2743 730 2829 ύξυτέρη.

173 2913 289 2990 Τολμσίν
315 2912 432 2995 ἀνάγκη,
455 2915 507 2972 κᾶν
528 2913 612 2993 τύχω,
636 2913 688 2972 κᾶν
711 2914 750 2990 μὴ
772 2913 855 2992 τύχω.

172 3079 289 3155 Τολμίν
312 3077 344 3138 δὲ
365 3081 469 3160 χοειύν.
493 3077 584 3159 ὁγὰρ
607 3078 635 3138 ἐν
658 3077 746 3162 καιρῷ

177 3185 281 3262 μθχθος
302 3183 413 3258 πολλὴν
436 3182 609 3259 εὐδαιμονίαν

175 3287 259 3348 τίκτει
281 3288 400 3364 θνητοῖσι
421 3287 566 3348 τελευτῶν.

177 3453 281 3530 Τύλμα
301 3449 415 3532 πρήξιος
438 3454 521 3538 ἀρχή,
543 3454 613 3533 τύχη
636 3453 668 3514 δὲ
690 3454 787 3525 τέλεος
809 3451 896 3535 κυρίη.

176 3620 363 3698 Τολμημασιν
386 3618 486 3680 δὲκαὶ
507 3625 600 3700 χερῶν
622 3619 787 3701 ίιπερβσλαϊς

177 3723 320 3786 ἁλίοκεταί
341 3745 372 3785 τε
393 3727 483 3786 ποίντα
504 3723 552 3786 καὶ
574 3726 723 3808 θηρεύεται.

176 3893 332 3975 Τόλμησον,
357 3887 379 3950 ὦ
402 3893 511 3972 μάταιε,
534 3891 673 3968 τόλμησόν
694 3913 761 3952 ποτε

176 3999 242 4079 προς
264 3998 314 4071 τὰς
335 3999 472 4079 παρούσας
493 3998 620 4074 πημονὰς
642 3997 729 4079 ὀρθῶς
751 4000 866 4080 φρονεῖν.

179 4209 347 4228 ......
372 4165 530 4246 ύπερρέρεις

177 4268 265 4352 τύλμῃ
287 4289 318 4329 τε
340 4268 457 4350 τόλμαν,
479 4267 527 4330 καί
549 4269 628 4349 λύγῳ
650 4268 762 4350 χρηστῷ
783 4270 879 4350 λόγον.

180 4433 337 4516 Ὑψαγόρην
360 4435 383 4494 τ’
400 4435 495 4512 ἔμεναι
517 4432 564 4496 καί
586 4436 750 4517 θαρσαλέως
772 4435 921 4519 ἀγορεύειν.

178 4591 323 4669 ’Υψίπολις
346 4591 456 4671 ἄπολις,
479 4593 534 4672 ὅτῳ
557 4593 587 4652 τύ
610 4593 649 4668 μὴ
672 4593 760 4652 καλὸν

178 4693 287 4772 ξύνεστι,
311 4695 420 4772 τόλμας
441 4692 531 4776 χάριν.

1221 1206 1360 1260 (Amnum.)

1073 1477 1176 1527 (Euenos,
1190 1477 1250 1518 Βίου.
1265 1477 1300 1526 LI.
1317 1479 1360 1530 1'1.)

1119 1852 1152 1902 (E.
1168 1851 1243 1902 suppl.
1258 1853 1360 1903 τοῦτον)

1070 2017 1142 2068 (τινα.
1159 2013 1232 2068 κιαι.
1247 2017 1302 2066 xlx,
1317 2019 1361 2070 ιι.)

1137 2393 1171 2443 (Ε.
1186 2392 1221 2434 Fr.
1240 2392 1307 2440 Ixion.
1324 2394 1362 2446 ΙΙ.)

1079 2561 1112 2612 (Ε.
1128 2561 1162 2601 Fr.
1177 2560 1265 2611 Τοίορίι.
1280 2561 1362 2612 xm.)

1105 2832 1229 2884 (Theognis,
1246 2833 1296 2874 1099
1306 2833 1364 2882 sqq.)

1164 2997 1198 3048 (E.
1215 2997 1292 3039 Raab.
1307 2999 1365 3048 ⁷21.)

1075 3372 1108 3424 (E.
1123 3371 1156 3413 Fr.
1171 3373 1282 3422 Temenos,
1299 3373 1367 3426 vm.)

1056 3539 1181 3588 (Democrit.
1196 3540 1257 3581 Stob.
1272 3541 1308 3590 LI,
1324 3543 1366 3592 ιθ.)

1126 3811 1159 3862 (1¹3.
1174 3809 1210 3853 Fr.
1225 3811 1313 3864 Ηίρροί.
1328 3813 1366 3864 ΙΙ.)

1062 4084 1097 4137 (Α.
1112 4085 1181 4127 Ρτοω.
1192 4085 1262 4126 Vinct.
1277 4087 1367 4136 9991ς.)

1105 4355 1138 4406 (Ε.
1154 4354 1261 4397 Heraclia.
1278 4356 1368 4406 θύννος.)

1139 4521 1210 4572 (Hom.
1226 4521 1264 4564 Od.
1280 4521 1297 4570 l.
1312 4523 1369 4572 995.)

1104 4783 1136 4834 (S.
1150 4781 1266 4834 Antigone,
1281 4783 1369 4834 θ’ίθιιη.)

1197 4857 1213 4904 3
