3532 5500
848 484 1085 546 -184-

371 669 450 715 *-*
463 667 553 744 Ὅστις
575 672 664 754 πατὴρ
686 676 755 752 πρδς
778 677 877 749 παῖδας
900 676 1021 751 ἐκβαίνει
1043 685 1156 758 πικρῶς,

370 776 402 834 τὀ
424 781 513 855 γῆρας
536 770 614 850 οὗτος
636 779 823 859 τερματίζετοιι
846 781 925 862 βαρὺ.

1315 868 1348 914 (Ε.
1365 868 1399 908 Fr.
1416 866 1491 907 insert.
1505 866 1564 915 221.)

373 933 433 992 Οθκ
454 935 525 995 ἔστιν
548 935 625 995 σθδὲν
648 937 814 1018 ἀθλιώτερον
835 941 947 1020 πατρδς,

372 1039 446 1114 πλὴν
470 1041 562 1122 ἕτερος
585 1040 618 1100 ἂν
640 1038 659 1124 ᾖ
681 1041 816 1103 πλειόνων
839 1043 943 1104 παίδων
965 1046 1064 1124 πατήρ.

1183 1130 1249 1180 (Men.
1265 1129 1372 1176 ΠοίιισΙτο,
1387 1141 1407 1168 v.
1422 1128 1457 1176 IV,
1472 1140 1492 1178 μ
1507 1127 1563 1178 261.)

376 1231 456 1291 Παισί
478 1253 508 1292 τε
531 1231 599 1293 αίδῶ
621 1235 675 1314 χρὴ
698 1234 819 1316 πολλὴν,
842 1237 872 1296 οῐι
894 1237 994 1318 χρυσδν
1016 1235 1203 1298 καταλείπειν.

1365 1320 1445 1372 (Pluto.
1459 1320 1490 1361 De
1502 1319 1563 1372 hog.)

375 1435 382 1449 .
408 1436 415 1449 .
440 1439 447 1452 .
470 1393 558 1451 πάντα
580 1391 745 1472 τάνθρώπων
767 1392 821 1457 ἴσα.

374 1493 479 1572 ριλοῡσι
501 1495 601 1569 παῖδας
624 1497 651 1557 οἵ
669 1499 693 1556 τ’
706 1497 847 1573 ἀμείνονες
871 1497 984 1580 βροτῶν,

375 1601 403 1661 οἵ
421 1601 445 1660 τ’
458 1600 535 1661 οῦδὲν
558 1600 650 1673 ὄντες·
672 1605 808 1682 χρήμασιν
832 1603 863 1664 δὲ
886 1605 1015 1684 διάροροι.

579 1683 582 1694 ’
1260 1690 1293 1740 (Ε.
1309 1689 1397 1730 Hercul.
1414 1689 1463 1729 Fur.
1479 1688 1561 1737 θῶες.)

377 1759 462 1818 Πᾶσιν
485 1759 539 1840 γὰρ
562 1760 724 1840 ἀνθρώποισι
745 1761 905 1840 φιλότεκνος
927 1761 994 1838 βίος.
1368 1846 1395 1896 ,Β
1419 1845 1449 1885 Ρ,
1509 1843 1565 1892 955)

1398 1877 1402 1887 ,
1450 1855 1497 1886 σου.
1550 1872 1554 1882 ·

376 1913 644 1999 *-*Παῦροι’γοίρ
666 1939 705 1978 τοι
727 1919 824 1988 παῖδες
847 1921 935 1994 ὅμοιοι
957 1918 1037 1999 πατρὶ
1059 1921 1201 2002 πέλονται,

376 2022 402 2082 οἱ
423 2022 541 2095 πλέονες
562 2023 684 2103 κακίους,
707 2031 804 2103 παῦροι
827 2024 858 2082 δέ
879 2045 909 2084 τε
931 2025 1033 2104 πατρὸς
1055 2024 1171 2106 ἀρείους.

1295 2107 1367 2155 (nom.
1383 2107 1421 2148 οι.
1437 2106 1465 2151 ιι,
1479 2107 1565 2154 amq.)

379 2216 480 2294 Πρέπει
502 2215 563 2286 τοὺς
585 2215 705 2296 παῖδας,
736 2217 828 2295 ῶσπερ
854 2216 903 2288 τὰς
930 2216 1037 2295 οθσίας,
1068 2217 1138 2276 οθτω
1165 2216 1212 2276 καὶ
1239 2222 1288 2292 τῆς
1318 2213 1413 2294 ριλίας
1439 2220 1565 2292 πατρικῆς

377 2319 570 2398 κληρονομεῖν.

1465 2403 1566 2454 (Isocra.)

378 2485 451 2564 Τοίχ’
465 2488 497 2543 σ’ίν
519 2487 586 2566 πρδς
609 2487 759 2563 ἀγκάλαισι
780 2485 828 2546 καὶ
850 2489 969 2568 στέρνοις
993 2487 1071 2562 ἐμοῖς

378 2589 472 2664 πηδῶν
496 2591 597 2669 ἀθυροι,
620 2589 667 2650 καί
690 2593 849 2670 φιλημάτων
872 2593 951 2672 ὄχλῳ

378 2695 465 2774 ρυχὴν
490 2695 559 2770 ἐμὴν
581 2697 727 2769 κτήσαιτο·
751 2701 834 2756 ταῦτα
856 2697 910 2776 γὰρ
933 2697 1038 2778 βροτοῖς

378 2799 487 2880 ριλτρον
510 2800 654 2879 μέγιστον,
679 2799 706 2858 αἱ
728 2797 871 2881 ξυνουσίαι,
893 2804 989 2882 πάτερ.
1366 2883 1427 2934 (Π
1456 2882 1526 2922 ΒΜ,
1543 2879 1567 2925 11

1387 2907 1401 2923 ι.
1428 2895 1445 2923 Γ.
1475 2895 1488 2921 i
1529 2911 1533 2928 ι

378 2992 471 3050 Τέκνα
494 2993 564 3066 μάθε
586 2992 701 3052 τίκτειν·
732 2994 762 3052 οθ
788 2993 822 3051 τὰ
844 2994 1086 3072 γηροβοοκήσοντα
1112 2995 1144 3053 τδ
1167 2999 1265 3072 σῶμα,
1294 2993 1330 3051 τὰ
1358 2993 1389 3052 δὲ
1413 2992 1462 3066 τὴν
1484 2987 1569 3068 ψυχὴν

380 3097 513 3176 θρέψαντα
535 3101 569 3176 τῇ
592 3096 670 3177 ἀιδίῳ
692 3103 786 3177 τρορῇ.
1416 3179 1442 3231 (P
1458 3177 1568 3230 tangens)

380 3251 415 3311 Τί
436 3251 490 3331 γὰρ
512 3255 546 3311 άν
569 3255 662 3328 μεῖζον
684 3252 757 3313 τοῦδ’
772 3255 810 3313 ἔτι
832 3256 939 3326 θνατοῖς
1443 3193 1456 3232 5

379 3357 466 3428 πάθος
489 3352 617 3438 ἐξεύροις,

381 3465 399 3535 ἢ
421 3463 504 3520 τέκνα
527 3462 631 3520 θανόντ’
644 3460 807 3542 εἰσιδέσθαι,

1319 3545 1353 3596 (E.
1369 3545 1445 3596 Suppl.
1463 3543 1571 3592 ιιθνοςυ.)

382 3623 510 3685 *-*T0
532 3627 638 3706 γυναῖκ’
652 3627 726 3704 ἔχειν
750 3621 819 3686 εἷναί
841 3649 870 3686 τε
892 3628 1015 3707 παιδίων,
1040 3629 1202 3709 Παρμένων,

382 3731 496 3810 πατέρα,
520 3730 653 3810 μερίμνας
674 3730 713 3809 τῷ
736 3731 787 3810 βίῳ
808 3731 919 3803 πολλὰς
941 3733 1025 3812 ρέρει.
1189 3815 1248 3864 (Men
1273 3815 1373 3856 Meineke
1396 3827 1410 3855 v
1433 3813 1462 3854 w
1485 3825 1498 3864 p
1520 3813 1572 3860 ²⁶⁰)

385 3931 391 3944 .
417 3931 424 3944 .
450 3929 456 3942 .
479 3887 535 3954 τοῖς
556 3889 662 3946 τεκοῦσι
682 3885 737 3964 γὰρ

385 3990 524 4067 δύστηνος,
548 3991 619 4062 ὅστις
642 3991 680 4066 μὴ
691 3991 862 4052 ’ντιδουλείιει
884 3993 1003 4051 τέκνων·

384 4093 533 4154 κάλλιπον
557 4097 651 4173 ἔρανον
675 4095 736 4166 δοὺς
759 4096 812 4174 γὰρ
835 4097 1016 4175 ἀντιλάζυται,

384 4199 488 4258 παίδων
510 4201 574 4278 παρ’
588 4202 666 4260 αὺτοῦ
688 4199 785 4280 τοιάδ’,
798 4202 829 4258 ἂν
853 4205 959 4260 τοκεῦσι
981 4199 1030 4281 δῷ.

1336 4287 1370 4336 (Β-
1386 4286 1463 4336 suppl.
1479 4281 1575 4332 ³⁶1⁸un

387 4355 447 4434 Χρὴ
471 4354 496 4414 δ’
510 4353 611 4435 οὔποθ’,
634 4356 705 4426 ὅστις
728 4351 859 4435 σίρτίρρων
880 4357 976 4435 πέφυκ’
989 4352 1066 4436 ἀνὴρ,

386 4459 487 4528 παῖδας
507 4463 640 4538 περισσῶς
663 4457 868 4518 ἐκδιδάσκεσθαι
891 4459 995 4540 σοροὺς.

1344 4545 1378 4595 (E.
1394 4545 1478 4592 Ποθοε,
1493 4541 1577 4591 ποορ.)

388 4611 426 4675 Ὦ
447 4615 553 4690 παῖδες,
578 4607 634 4675 οἷον
656 4614 765 4695 ρίλτρον
790 4613 940 4695 ἀνθρώποις
962 4620 1067 4697 φρενός.

1332 4705 1366 4755 (Ε.
1382 4702 1418 4744 Fr.
1434 4700 1533 4743 Ρισιυείί.
1547 4699 1578 4748 X.)
