3476 5490
868 540 1084 604 ...84-

381 726 488 788 Πολλοί
510 729 627 790 πλοῦτον
651 731 758 808 ἔχουσιν
781 725 906 812 ἀίδριες·
930 732 1009 794 οἶδέ
1032 755 1061 792 τε
1084 734 1160 794 καλὰ

484 834 617 913 ζητοῦσιν,
641 835 755 918 χαλεπῇ
778 839 930 918 τειρόμενοι
953 833 1042 919 πενίῃ.
1439 923 1481 974 (Th
1540 921 1545 929 .
1567 923 1574 971 )

1482 933 1564 973 σομε.

379 995 458 1042 *-*
468 999 578 1061 Πολλοί
599 1020 640 1061 τοι
662 1002 807 1063 πλουτοῦσι
828 1002 920 1083 κοινοί,
944 1002 1043 1084 ἀγαθοί
1066 1005 1098 1064 δὲ
1120 1007 1256 1066 πένονται.

482 1103 550 1164 ἀλλ’
562 1106 645 1183 ἡμεῖς
666 1107 769 1180 τούτοις
791 1109 822 1167 σθ
845 1108 1047 1187 διαμειψόμεθα

378 1213 427 1284 τῆς
449 1207 550 1289 ἀρετῆς
571 1210 617 1270 τδν
639 1210 773 1272 πλοῦτον·
799 1209 858 1272 ἐπεί
881 1213 911 1272 τδ
933 1211 985 1288 μὲν
1008 1213 1127 1289 ἔμπεδον
1150 1211 1214 1294 αἰεί,

480 1316 613 1396 χρήματα
635 1315 659 1374 δ’
672 1309 819 1396 ἀνθριίιπιυν
843 1315 946 1378 ἄλλοτε
969 1313 1060 1389 σίλλος
1083 1318 1151 1394 ἔχει.

1328 1401 1454 1454 (Theognis,
1468 1403 1505 1442 315
1515 1400 1572 1450 sqq.)

377 1479 477 1539 Σκαιδν
500 1481 531 1539 τ“ο
553 1479 680 1540 πλουτεῖν
702 1480 796 1541 τιᾶλλο
819 1480 906 1558 μηδὲν
930 1479 1041 1543 εἰδέναι.

1336 1567 1371 1618 (ιτ.
1386 1567 1423 1608 ιν.
1439 1567 1511 1608 inem„
1528 1566 1571 1615 ιν.)

377 1645 478 1704 Σκαῖον
500 1645 530 1704 τδ
552 1649 650 1726 χρῆμα
671 1644 790 1719 πλοῦτος
811 1647 830 1721 ἥ
852 1646 876 1705 τ’
889 1646 1006 1726 ἀπειρία.

1310 1733 1343 1784 (Ε.
1355 1733 1390 1772 Fr.
1402 1732 1508 1780 ΑΙοιιιοιιο,
1523 1729 1569 1780 lx.)

377 1810 478 1870 Σνοπῶ
499 1810 534 1871 τὰ
555 1811 690 1892 χρήμαθ’,
713 1813 752 1883 ὡς
775 1811 836 1890 ἔχει
859 1813 934 1890 μέγα
956 1813 1049 1883 σθένος

377 1914 467 1994 φιλοις
488 1935 518 1975 τε
542 1914 644 1995 δοῦναι,
667 1917 748 1992 σῶμά
770 1916 794 1976 τ’
807 1917 838 1989 ἐς
859 1918 938 1976 νόσον
960 1919 1042 1976 πεσδν

381 2018 524 2080 δαπάναισι
547 2024 647 2080 σῶσαι·
670 2025 720 2098 τῆς
743 2019 768 2078 δ’
782 2021 822 2100 ἐφ’
834 2022 941 2103 ἡμέραν
964 2021 1049 2102 βορᾶς

378 2121 407 2195 ἐς
429 2125 542 2205 σμυιρδν
564 2126 636 2199 ἥκει.

1311 2211 1344 2260 (Ε.
1362 2210 1457 2259 Electra,
1470 2209 1566 2258 Νῖσος.)

376 2288 430 2348 Σοῦ
453 2289 478 2348 δ’
493 2289 598 2369 ἐγένετ’
610 2287 698 2360 ουδεὶς
722 2292 822 2366 μεστδς
845 2289 1029 2370 σθδεπώποτε,

377 2391 486 2468 ἀλλ’ἢν
508 2394 632 2454 τάλαντά
653 2415 694 2466 τις
716 2393 792 2478 λάβῃ
815 2395 998 2476 τρισκαίδεκα,

375 2494 447 2556 πολὺ
469 2497 580 2572 μᾶλλον
604 2498 728 2574 ἐπιθυμεῖ
749 2499 848 2574 λαβεῖν
872 2500 1031 2562 ἑκκαίδεκα,
1341 2583 1360 2622 A

1332 2585 1339 2633 (
1360 2594 1378 2623 r.
1395 2584 1454 2624 Plut.
1471 2585 1566 2630 1932qu

376 2660 434 2732 Τὰς
457 2661 548 2735 οθοίας
570 2663 624 2744 γάρ
648 2663 759 2736 μᾶλλον
780 2667 798 2739 ἢ
823 2665 870 2738 τὰς
893 2666 1020 2745 ἁρπαγὰς

375 2770 455 2841 τιμάν
478 2763 600 2826 δίκαιον·
624 2765 684 2827 οὔτε
707 2768 760 2849 γὰρ
781 2769 900 2841 πλοῦτός
921 2791 987 2830 ποτε

376 2867 491 2944 βέβαιος
512 2869 616 2944 άδιιιος.

1318 2957 1351 3005 (E.
1368 2957 1404 2997 Fr.
1420 2955 1562 3004 Erechth.1.)

375 3035 468 3096 Ταῖιτά
491 3058 537 3112 μοι
560 3037 644 3114 διπλῆ
668 3039 775 3120 μέριμν’
790 3039 924 3120 ἄφραστος
947 3039 1017 3100 ἐστιν
1042 3040 1070 3098 ἐν
1094 3037 1183 3120 φρεσί·

376 3143 446 3216 μήτε
469 3143 621 3222 χρημάτων
643 3141 784 3222 ἀνάνδρων
806 3144 913 3221 πλῆθος
937 3144 965 3203 ἐν
987 3149 1053 3225 τιμῇ
1075 3143 1177 3223 σέβειν,

375 3247 439 3321 μήτ’
452 3245 635 3328 ἀχρημάτοισι
658 3247 778 3323 λάμπειν
801 3253 866 3327 ρῶς,
891 3250 954 3308 ὅσον
977 3249 1071 3320 σθένος
1093 3251 1177 3328 πάρα.

376 3412 419 3471 Τὰ
440 3412 562 3492 χρήματ’
574 3412 751 3493 ἀνθρώποισιν
774 3411 890 3492 εὑρίσκει
913 3413 1015 3492 ριλους,

377 3513 452 3589 αὖθις
476 3516 507 3577 δὲ
530 3515 619 3597 τιμάς,
644 3512 703 3577 εἶτα
726 3522 776 3595 τῆς
798 3517 948 3598 ὑπερτάτης

375 3621 530 3702 τυραννίδος
552 3623 679 3683 θανοῦσιν
703 3621 842 3700 αἰσχίστην
865 3622 954 3703 ἕδραν.

376 3725 471 3785 ἔπειτα
494 3726 519 3786 δ’
532 3724 621 3800 οίιδείς
645 3727 744 3808 ἐχθρδς
767 3724 828 3787 οὔτε
850 3726 943 3806 ρθεται

374 3830 442 3911 πρὸς
464 3832 586 3911 πρίνου
601 3831 628 3890 οἵ
646 3852 676 3891 τε
699 3832 793 3910 φύντες
816 3831 954 3912 ἀνθοῦνται
978 3834 1090 3910 Μεθ’
1420 3917 1445 3968 (s
1467 3915 1495 3956 υ
1516 3915 1566 3960 ¹⁰⁹>

375 3993 418 4054 Τὰ
440 3997 561 4078 χρήματ’
577 3996 739 4078 ἀνθρώποισι
761 4001 918 4076 τιμιώτατα,

377 4098 489 4174 δύναμίν
511 4120 542 4160 τε
565 4098 696 4178 πλείστην
719 4099 772 4161 τῶν
796 4101 825 4160 ἐν
848 4101 998 4181 ἀνθρώποις
1021 4101 1101 4179 ἔχει·

585 4205 588 4210 .
1365 4186 1400 4237 (ιι.
1415 4185 1497 4227 Pboou.
1511 4185 1564 4234 νυνι

375 4281 418 4340 Τὰ
440 4282 572 4361 χρήματα
593 4286 650 4354 τοῖς
672 4282 813 4354 πλουσίοις
834 4285 852 4358 ἡ
875 4284 944 4362 ιθχη
967 4285 998 4343 σίν
1020 4280 1181 4363 δεδώρηται,
1208 4283 1284 4344 ἀλλὰ
1307 4283 1477 4346 δεδάνευιεν.

1307 4385 1379 4436 (mon,
1394 4387 1456 4428 εισι,
1472 4385 1513 4435 ον,
1527 4381 1568 4430 το.)

375 4455 433 4529 Τὴν
456 4453 482 4514 δ’
494 4457 645 4535 εθγένειαν,
667 4457 734 4536 πρδς
756 4457 837 4534 θεῶν,
861 4458 900 4532 μή
923 4477 968 4532 μοι
990 4456 1077 4536 λέγε·

376 4559 405 4618 ἐν
427 4562 551 4638 χρήμασι
573 4561 630 4620 τάδ’
647 4558 715 4620 ἐστὶ·
741 4607 747 4618 .
774 4609 780 4622 .
807 4609 813 4621 .

374 4663 470 4742 ιιθιιλῳ
492 4663 547 4743 γὰρ
572 4666 658 4744 ἕρπει,
683 4663 722 4742 τῷ
745 4665 796 4738 μὲν
820 4665 885 4741 ἔσθ’,
909 4666 924 4722 δ
948 4661 972 4722 δ’
986 4664 1035 4723 σθιι
1058 4665 1126 4742 ἔχει.

1347 4751 1380 4800 (Ε,
1395 4751 1432 4793 Pr.
1448 4752 1509 4793 ενοι.
1525 4751 1568 4801 ιν.)
