3476 5490
727 546 927 601 ,v-

335 733 430 796 Hanc
453 741 563 796 autem
586 730 807 816 anthologiam
831 739 1000 818 poetarum
1032 731 1145 795 limina
1168 730 1226 795 vix
1256 753 1422 818 egressam

231 885 303 928 esse
333 862 429 927 facile
461 861 709 949 comprobatum
740 863 802 926 erit
837 863 1012 950 reputanti,
1047 885 1090 926 ex
1125 862 1216 926 hisce
1248 861 1325 926 solis
1358 884 1422 926 nou

231 995 338 1058 minus
361 995 505 1080 quinque
528 993 596 1058 fere
620 991 709 1056 milia
738 991 885 1057 locorum
908 995 1130 1058 communium
1153 994 1319 1080 descripta
1341 1014 1421 1078 csse,

231 1124 452 1212 adhibitisque
482 1125 554 1190 aliis
585 1123 783 1209 auctoribus,
815 1125 870 1211 qui
906 1126 1056 1211 prosaica
1086 1126 1231 1191 oratioue
1261 1125 1311 1190 usi
1337 1136 1422 1208 sunt,

232 1255 378 1320 futurum
402 1254 513 1340 fuisse,
537 1267 572 1320 ut
592 1256 752 1319 immensa
768 1255 896 1340 farrago
915 1266 1072 1342 tanquam
1088 1257 1179 1320 rudis
1195 1257 1422 1342 indigestaque

235 1385 336 1451 moles
359 1385 436 1450 libri
458 1387 558 1451 tinem
582 1387 832 1473 commodumqe
855 1409 950 1451 usum
974 1387 1104 1452 omniuo
1127 1387 1347 1474 impediverit.

338 1516 436 1598 Quod
458 1517 509 1582 his
525 1539 587 1581 nou
604 1515 810 1582 obstantibus
830 1539 936 1604 pauca
951 1493 1228 1605 pbilosophorum,
1246 1527 1419 1600 oratorum,

232 1649 369 1714 aliorum
385 1649 591 1734 scriptorum,
609 1670 692 1734 quae
707 1649 772 1712 iam
790 1649 821 1712 in
839 1646 1014 1736 proverbia
1031 1647 1192 1732 abierunt,
1216 1649 1421 1734 inseruimus,

236 1802 330 1844 nemo
353 1791 413 1863 est,
436 1790 473 1842 ut
495 1801 675 1866 speramus,
699 1780 755 1866 qui
777 1801 876 1864 aegre
899 1779 993 1843 ferat.

335 1911 432 1992 Quod
466 1909 542 1975 libri
572 1911 682 1994 tinem,
716 1921 831 1975 auctor
861 1933 936 1974 eum
968 1909 1172 1975 enchiridion
1203 1933 1274 1975 esse
1307 1911 1420 1995 voluit,

231 2065 294 2129 quo
317 2043 381 2106 viri
404 2043 492 2109 docti
522 2041 576 2107 vel
607 2042 788 2107 litterarum
813 2043 948 2108 studiosi
980 2043 1097 2126 omnia,
1129 2065 1213 2128 quae
1236 2043 1420 2128 cuicunque

233 2176 279 2238 rei
303 2173 563 2262 proverbiorum,
587 2175 821 2238 sententiarum
838 2173 892 2238 vel
915 2173 1061 2239 locorum
1085 2196 1294 2239 communum
1318 2173 1421 2237 instar

230 2307 390 2370 inservire
412 2313 558 2392 possunt,
582 2306 651 2369 sine
675 2327 766 2370 mora
788 2315 821 2369 et
843 2305 1001 2393 temporis
1024 2303 1221 2370 detrimento
1245 2306 1278 2368 in
1293 2306 1420 2390 graecis

232 2435 421 2502 auctoribus
436 2437 614 2502 inveniant.
647 2437 723 2516 Qua
738 2434 780 2500 de
796 2458 897 2502 causa
911 2441 1018 2515 θέματα
1034 2459 1117 2523 quae
1135 2446 1256 2501 vocant
1271 2458 1420 2502 sermone

232 2566 331 2633 latino
354 2566 563 2654 alphabetica
592 2568 676 2631 serie
704 2566 853 2632 ordinata
876 2577 960 2650 sunt,
992 2567 1051 2631 sed
1083 2576 1116 2630 et
1146 2537 1256 2630 textus
1282 2588 1419 2650 graecos

230 2697 368 2764 eundem
392 2699 425 2761 11
450 2698 583 2762 modum
607 2698 769 2784 dispertiti
800 2719 922 2782 sumus,
954 2695 1040 2784 quod
1072 2697 1215 2762 maxime
1243 2697 1316 2761 usui
1347 2698 1417 2782 erit,

229 2827 286 2894 ubi
308 2829 464 2893 lectorem
487 2829 529 2892 ad
552 2826 616 2892 alia
638 2827 785 2892 themata
808 2828 1012 2892 mandamus.

333 2959 496 3044 Denique,
526 2979 568 3022 ne
604 2959 782 3023 eorundem
818 2958 850 3021 in
881 2957 1044 3021 infinitum
1080 2959 1272 3044 repetitione
1303 2957 1418 3024 lectori

228 3087 373 3152 taedium
398 3086 574 3170 oboriatur,
603 3089 827 3174 cuiuscunque
854 3086 918 3153 loci
940 3109 1055 3152 seusus
1086 3097 1213 3152 tantum
1244 3089 1418 3174 primarius

228 3217 389 3283 vocabulo
420 3219 519 3284 latino
549 3221 635 3284 inter
664 3217 812 3284 themata
842 3242 1018 3305 expressus
1048 3231 1107 3283 est.
1154 3220 1280 3300 Quodsi
1303 3242 1418 3285 versus

228 3359 358 3436 praeter
380 3349 467 3414 huuc
490 3349 587 3415 aliam
611 3349 720 3414 adhuc
744 3350 937 3414 sententiam
961 3349 1140 3433 involvant,
1172 3349 1215 3414 ad
1238 3373 1336 3436 quam
1353 3352 1417 3414 aui·

228 3503 317 3545 mum
340 3479 513 3545 advertere
536 3481 671 3545 forsitan
695 3501 813 3568 operae
838 3482 980 3568 pretium
1003 3483 1054 3564 sit,
1078 3491 1148 3544 tum
1172 3481 1205 3544 iu
1229 3481 1293 3544 fine
1318 3481 1417 3544 versi-

232 3609 390 3695 culorum,
414 3610 577 3676 vocabuio
594 3633 665 3676 eam
682 3613 877 3676 senteutiam
894 3612 1062 3696 designate
1078 3609 1188 3694 latino,
1212 3621 1324 3676 textus
1340 3633 1418 3676 vero

227 3743 318 3805 initio
348 3763 466 3827 graece
497 3742 672 3828 adscripto,
704 3741 858 3806 lectorem
889 3741 932 3806 ad
962 3740 1073 3806 thema
1106 3742 1296 3828 primarium
1329 3741 1417 3807 rede-

226 3893 352 3956 gamus.
398 3871 461 3936 Ex.
484 3894 533 3957 gr.
557 3870 680 3936 locum:

438 4051 527 4129 ,Φεῦ,
550 4054 596 4110 τοῦ
618 4052 746 4123 θανόντος
769 4052 807 4122 ὡς
828 4053 928 4129 ταχεῖά
950 4071 990 4122 τις
1013 4052 1136 4131 βροτοῑς“

437 4183 536 4262 ,χάρις
559 4179 663 4260 dropped
684 4179 730 4240 καὶ
752 4179 878 4260 προδοῦσ’
891 4181 1061 4243 dirimeret!

226 4334 376 4397 invenias
403 4333 474 4398 sub.
500 4357 532 4398 v.
559 4333 777 4418 „Gratia“,
801 4336 858 4397 sed
879 4337 978 4399 etiam
1000 4358 1024 4400 s.
1042 4359 1072 4399 v.
1091 4336 1251 4419 „Mors“
1276 4336 1418 4402 formula

226 4461 322 4526 vide:
348 4461 494 4548 „Gratia
519 4467 580 4525 Φεΰ
602 4465 678 4546 τοῡ,“
703 4461 745 4527 ad
769 4462 831 4528 hoc
854 4464 966 4528 thema
988 4465 1180 4552 primarium
1205 4467 1353 4531 mitteris.

332 4593 429 4674 Quod
454 4605 611 4680 superest,
641 4592 751 4680 aliqua
782 4595 846 4658 iam
870 4593 944 4658 libri
967 4605 1060 4681 parte
1084 4598 1253 4684 impressa,
1287 4596 1416 4661 ubertas

228 4723 384 4788 materiae
396 4723 451 4822 'ad
475 4723 709 4789 coarctandum
732 4747 835 4811 paene
852 4727 1016 4791 infinitum
1033 4726 1194 4794 dictorum
1211 4741 1243 4794 et
1260 4750 1414 4794 versuum
