3516 5500
672 558 821 624 -347
868 599 908 606 -

196 753 246 826 Τίς
268 753 302 828 δή
323 755 383 814 ποτ’
396 753 481 828 δλβον
503 759 521 829 ἡ
545 755 633 832 μέγαν
655 755 715 830 θείη
739 753 853 835 βροτῶν,

195 861 214 933 ἦ
237 859 360 938 σμικρδν,
383 862 401 933 ἣ
422 859 468 918 τὀν
492 859 621 934 μηδαμοῦ
643 862 813 939 τιμώμενον,

195 963 227 1023 ού
249 965 303 1044 γάρ
324 966 384 1024 ποτ’
398 964 484 1024 αύτιῖιν
506 962 585 1024 ούδέν
609 963 638 1024 έν
659 962 747 1040 τούτῷ
771 964 856 1039 μένει.

1246 1048 1277 1098 (s,
1293 1047 1326 1088 τι.
1341 1048 1386 1098 σε.)

196 1129 236 1188 To
259 1134 308 1206 τῆς
330 1130 417 1207 τύχης
438 1148 478 1189 τοι
501 1129 662 1205 μεταβολὰς
683 1124 794 1201 πολλὰς
816 1129 885 1208 ἔχει.

1057 1214 1176 1264 (cunerem.
1191 1213 1237 1254 πει.
1252 1213 1269 1262 ι,
1284 1212 1342 1262 vlu,
1356 1213 1387 1262 κ)

195 1286 267 1360 Τοὺς
292 1285 361 1347 δἀύ
385 1287 527 1367 μεγίστους
549 1279 596 1348 καί
619 1288 789 1367 σοφωτάτους
811 1283 885 1368 φρενὶ

194 1391 310 1452 τοιούσδ’
324 1391 393 1464 ἴδοις
416 1392 459 1472 διν,
483 1383 538 1463 οἷὸς
562 1392 616 1452 ἐστι
639 1395 683 1452 νῦν
706 1390 764 1469 ὅδε,

195 1497 295 1569 καλῶς
317 1501 411 1569 κακῶς
432 1499 576 1578 πράσσοντι
598 1497 824 1577 συμπαραινέσαι·

196 1603 262 1660 ὅταν
285 1600 316 1661 δὲ
339 1602 444 1676 δαίμων
468 1600 565 1682 ἀνδρδς
588 1602 716 1678 εύτυχούς
737 1601 768 1660 τδ
789 1599 850 1681 πρὶν

196 1703 305 1784 μάστιγ’
320 1705 409 1787 ἐρείσῃ
432 1711 478 1766 τού
500 1705 559 1782 βίου
580 1704 774 1786 παλίντροπον,

196 1810 231 1870 τὰ
252 1811 348 1870 πολλὰ
369 1811 470 1890 φροῦδοι
491 1809 538 1871 καὶ
559 1811 657 1884 καλῶς
680 1808 820 1892 εἰρημένα.

197 2023 205 2036 .
230 2024 237 2038 .
264 2025 271 2038 .
295 1976 379 2054 τύχας
403 1975 434 2036 δὲ
456 1977 559 2052 θνητῶν

196 2083 226 2140 τδ
250 2080 301 2157 μὲν
323 2081 387 2160 μέγ’
400 2078 441 2154 εἰς
463 2080 541 2141 ούδὲν
563 2081 578 2141 ὁ
599 2080 686 2154 πολύς
708 2084 806 2162 χρδνος

197 2187 345 2265 μεθίστησι,
367 2187 398 2246 τ“ο
421 2185 453 2246 δέ
476 2188 553 2260 μεῖον
576 2183 674 2258 αὔξων.

1061 2269 1093 2321 (Ε,
1110 2269 1143 2311 Fr.
1160 2270 1280 2321 Belleroph,
1296 2269 1389 2319 xxvll.)

704 2361 727 2380 Ν

196 2362 275 2439 Τύχη
298 2359 351 2442 γὰρ
374 2361 449 2440 δρθοί
469 2358 515 2420 καί
537 2361 606 2438 τύχη
629 2363 793 2442 καταρρέπει

196 2467 242 2526 τδν
265 2466 435 2543 εὐτυχοῦντα,
459 2467 505 2525 τόν
528 2486 558 2525 τε
581 2465 750 2543 δυστυχοῦντ’
762 2463 819 2525 οίεί·

197 2568 244 2630 καί
267 2572 362 2646 μάντις
384 2569 473 2642 ούδεὶς
495 2576 548 2630 τῶν
571 2571 748 2630 καθεστώτων
771 2569 886 2653 βροτοῖς.

1092 2675 1123 2724 (S.
1139 2672 1254 2724 Antigono,
1271 2675 1322 2714 1158
1331 2672 1390 2722 sqq.)

199 2781 280 2860 Τύχη
311 2781 520 2860 μεγαλόδωρος,
552 2781 619 2841 ἀλλ’
632 2781 771 2858 ἀβέβαιος,
801 2782 875 2862 φύσις
905 2781 936 2841 δέ
966 2782 1113 2862 αύτοίρκης·
1139 2781 1231 2861 διόπερ
1260 2783 1323 2863 νικᾷ
1352 2777 1390 2856 τῷ

199 2887 292 2960 ῆσσονι
313 2884 361 2945 καί
383 2884 487 2965 βεβαίῳ
510 2887 539 2945 τδ
563 2887 644 2960 μέζον
666 2893 716 2962 τῆς
738 2885 859 2960 ἐλπίδος.

1008 2970 1115 3022 (Βσιιιοστ.
1131 2970 1190 3012 stob.
1206 2970 1251 3011 Bel.
1268 2971 1295 3020 11,
1311 2971 1345 3018 lx,
1360 2971 1391 3020 5.)

200 3095 206 3108 .
232 3093 238 3104 .
265 3093 272 3106 .
295 3045 381 3123 τύχης
404 3042 435 3103 δὲ
458 3042 618 3120 μεταβολὰς
642 3045 690 3104 ούκ
712 3044 832 3126 ἀγνοεϊς,

198 3151 238 3210 ὅτι
260 3151 305 3209 τ’σν
329 3145 441 3228 εὔπορον
463 3147 550 3223 τίθησι
571 3149 682 3228 πτωχδν
705 3147 744 3222 είς
766 3150 814 3225 τὴν
838 3148 938 3230 αὔριον.

896 3232 997 3284 (Philon.
1013 3233 1090 3275 ίιισετι.
1105 3231 1210 3280 Mainake.
1225 3245 1244 3272 v.
1261 3231 1296 3279 w.
1311 3243 1331 3282 p.
1347 3233 1390 3282 ³1.)

201 3359 207 3370 .
233 3359 239 3370 .
267 3356 272 3369 .
297 3306 426 3385 τῶνγὰρ
449 3306 477 3366 ἐν
502 3305 609 3386 βροτοῖς

199 3415 249 3473 ούκ
273 3413 342 3472 ἔστιν
366 3411 444 3471 ούδὲν
467 3411 512 3470 διὰ
532 3409 630 3481 τέλους
654 3411 838 3486 εύδαιμονούν.

201 3615 208 3629 .
234 3618 240 3630 .
267 3615 273 3627 .
296 3573 351 3628 τῶν
374 3569 398 3627 δ’
413 3567 581 3642 εύδαιμένων

200 3673 308 3750 μηδένα
330 3673 447 3748 νομίζετ’
461 3673 581 3750 εύτυχεῖν
604 3669 664 3751 πρίν
687 3675 719 3731 ἂν
743 3673 821 3756 θοίνη.

1149 3758 1181 3808 (Ε.
1197 3756 1272 3798 Τιοαδ.
1288 3759 1327 3799 ύιθλ
1335 3757 1391 3806 sqq.)

205 3849 282 3907 Φεύί
306 3846 340 3904 τὰ
361 3851 414 3906 τῶν
438 3846 667 3920 εύδαιμονούντων
690 3849 728 3918 ὡς
750 3849 823 3925 τοίχα
847 3849 953 3928 στρέφει
975 3849 1045 3918 θείς.

1112 3932 1145 3980 (E.
1163 3929 1195 3971 Fr.
1211 3931 1312 3982 Meleagr.
1328 3929 1392 3980 XXI.)

201 4001 238 4064 Ὦ
262 4003 432 4079 μεταβολαῖς
453 4003 587 4080 χαίρουσα
608 4002 747 4075 παντοίαις
769 4005 847 4082 τύχη,

203 4110 249 4167 σον
274 4108 329 4168 ἐστ’
343 4107 447 4177 δνειδος
469 4108 552 4188 τοῦθ’,
575 4109 638 4167 ὅταν
660 4129 700 4179 τις
723 4111 761 4166 ὡν
784 4109 852 4188 ἀνὴρ

200 4212 304 4284 δίκαιος
327 4211 431 4283 ἀδίκοις
452 4213 583 4293 περιπέσῃ
606 4215 808 4288 συμπτώμασιν.

1011 4296 1076 4346 (λύσιν.
1092 4295 1197 4344 Μοίιιείτο,
1213 4309 1232 4337 v.
1249 4296 1283 4342 IV.
1299 4309 1318 4346 p.
1334 4298 1391 4346 252.)

200 4388 251 4458 Ὡς
275 4387 398 4460 εύκόλως
419 4387 556 4448 πίπτουσιν
580 4387 608 4447 αἱ
630 4387 756 4470 λαμπραὶ
777 4389 865 4466 τύχαι.

907 4471 972 4521 (λύσιν.
988 4471 1078 4512 Μσποετ.
1093 4471 1198 4519 Μσίιιελσ,
1213 4484 1233 4513 ν.
1251 4471 1284 4522 Ν,
1300 4483 1320 4523 p.
1336 4474 1392 4521 361.)

200 4577 252 4651 Ὡς
273 4579 375 4649 κύκλος
402 4583 455 4638 τῶν
479 4575 656 4659 ἀνθρωπηίων
689 4579 744 4640 ἐστὶ
770 4582 949 4661 πραγμάτων,
980 4581 1191 4660 περιφερόμενος
1219 4579 1250 4639 δὲ
1282 4580 1331 4640 ούκ
1358 4579 1392 4664 ἐᾷ

201 4682 244 4743 ἀεὶ
266 4683 327 4755 τούς
351 4683 445 4755 αὺτούς
468 4684 598 4762 εύτυχεῖν.

1243 4766 1391 4818 (Herodotus.)
