3476 5490
851 515 1064 578 ,12-

367 711 462 782 Διδοθς
484 710 638 781 ἀναπείσεις
661 709 721 768 οῦτε
743 711 926 788 προσπέμπων
949 709 1052 788 φίλους.
1354 791 1371 833 A
1411 793 1441 843 Ε,
1510 793 1552 841 7)

1344 795 1390 842 (r.
1443 791 1482 833 ωι.
1497 795 1540 833 ιε.

366 866 504 942 Δοκίμαζε
525 866 587 938 τοῦς
609 866 703 944 φίλους
727 866 760 925 ἐκ
781 871 831 941 τῆς
852 865 914 945 περί
939 866 984 924 τὀν
1008 864 1065 940 βίον
1089 864 1202 944 ἀτυχίας
1224 863 1270 924 καὶ
1296 869 1346 940 τῆς
1369 865 1398 924 ἐν
1421 867 1477 937 τοῖς
1499 885 1551 924 κιν-

367 972 453 1043 δῦνοις
474 970 627 1042 κοινωνίας.

1276 1113 1277 1117 ¹
1291 1054 1364 1103 (Ιιοοτ.
1379 1054 1405 1094 ιθ
1419 1054 1508 1094 Βειιιοιι.
1523 1055 1552 1104 7.)

364 1128 421 1188 Εὰν
452 1125 477 1188 δ’
488 1128 598 1206 ἔχωμεν
620 1127 753 1208 χρήμαθί
778 1123 877 1202 ἕξομεν
900 1127 1060 1262 Manen·
1075 1211 1166 1252 Monost.
1183 1212 1229 1254 ιω.
1243 1209 1362 1254 nomem.
1377 1222 1397 1250 ι.
1412 1209 1448 1262 ιν,
1462 1221 1484 1260 ο.
1498 1211 1551 1260 ⁸⁴⁴.)

365 1283 444 1330 *-*
454 1284 529 1360 Ἐγὼ
552 1284 576 1342 δ’
591 1284 734 1358 ἐπίσταμαι
757 1283 810 1362 γὰρ
834 1283 932 1362 ἀρτίως
956 1287 995 1344 ὅτι

366 1392 380 1448 ὅ
402 1389 426 1448 τ’
440 1389 539 1466 ἐχθρδς
561 1389 626 1464 ἡμῖν
651 1389 680 1460 ἐς
702 1389 806 1448 τοσόνδ’
822 1389 970 1469 ἐχθαρτέος

366 1495 405 1564 ὡς
425 1491 473 1552 καί
495 1494 615 1572 φιλήσων
640 1491 723 1568 αὖθις,
748 1495 777 1566 ἔς
799 1515 829 1553 τε
851 1494 897 1552 τὀν
919 1494 996 1572 ρθιον

365 1599 472 1658 τοσαῦθ’
485 1598 624 1678 ὑπουργῶν
647 1597 764 1678 ὠφελεῖν
787 1599 960 1674 βουλήσομαι

366 1705 405 1774 ὡς
428 1701 486 1763 αἰὲν
509 1703 539 1763 οῦ
562 1705 707 1778 μενοῦντα·
730 1707 786 1774 τοῖς
808 1703 937 1763 πολλοῖσι
959 1703 1012 1784 γὰρ

367 1807 471 1885 βροτῶν
494 1806 604 1880 ἄπιστός
628 1807 683 1868 ἐσθ’
698 1808 832 1888 ἑταιρείας
853 1808 948 1884 λιμήν.

1331 1891 1362 1941 (S.
1377 1890 1435 1936 Ain,
1449 1893 1488 1933 676
1498 1893 1552 1941 σοι.)

367 1962 490 2024 *-*Εί
513 1963 543 2024 δὲ
565 1965 614 2038 τὴν
637 1967 709 2044 ρῦοιν
734 1966 784 2040 μὲν
808 1965 910 2045 ἐχθροί,
932 1967 978 2024 τδν
1002 1963 1033 2023 δὲ
1055 1969 1115 2024 νοῦν
1140 1961 1205 2023 εἰσιν
1228 1964 1310 2043 φίλοι.

1360 2047 1405 2096 [Ar.
1421 2047 1484 2092 Aves.
1498 2048 1552 2097 677.)

367 2119 446 2165 *-*
456 2117 533 2180 Εἶναι
557 2120 587 2180 δὲ
611 2122 713 2201 γλυκὺν
736 2122 792 2182 ὧδε
815 2120 913 2201 ρθιοις,
939 2121 1057 2201 ἐχθροῖσι
1081 2121 1112 2181 δὲ
1133 2123 1238 2202 πικρόν,

521 2229 589 2286 τοῖοι
612 2227 662 2302 μὲν
687 2226 799 2306 αἰδοῖον,
821 2229 888 2285 τοῖσι
912 2224 943 2284 δὲ
966 2225 1052 2285 δεινδν
1075 2223 1150 2286 ἰδεῖν.

1347 2310 1429 2358 (Solon,
1443 2309 1479 2358 17,
1494 2311 1553 2360 5⁸11.)

368 2382 404 2442 Εἴ
422 2404 463 2454 τις
485 2383 666 2464 ἁμαρτωλῄσι
688 2383 774 2462 ρθιων
798 2381 841 2441 ἐπὶ
863 2381 941 2442 παντὶ
963 2380 1074 2460 χολῷτο

422 2485 497 2546 οῦποι
520 2490 552 2544 ἂν
575 2487 714 2561 ἀλλήλοις
738 2488 843 2567 ἄρθμιοι
867 2485 927 2545 οῦτε
949 2485 1022 2564 ριδοι

369 2586 437 2650 είεν·
462 2591 626 2671 ἁμαρτωλοί
648 2591 701 2670 γὰρ
727 2593 754 2650 ἐν
778 2591 952 2671 ἀνθρώποισιν
977 2593 1086 2651 ἕπονται

422 2696 537 2773 θνητοῖς,
562 2695 661 2775 Κύρνε,
685 2695 743 2756 θεοὶ
766 2696 790 2756 δ’
804 2697 853 2756 οῦκ
875 2696 998 2756 ἐθέλουσι
1021 2697 1119 2776 ρέρειν,

1314 2780 1439 2833 (Theognis.
1454 2783 1493 2824 215
1500 2783 1555 2832 sqq.)

368 2852 559 2932 Ἐκπρέπονται
581 2851 683 2912 πολλοὶ
703 2853 764 2923 τοῦς
779 2851 881 2934 φίλους,
905 2852 972 2927 ἐπὴν
996 2849 1026 2925 ἐξ
1042 2852 1167 2933 εῦπορῖης
1186 2851 1225 2924 εἰς
1243 2848 1337 2928 πενίην
1358 2855 1553 2929 μεταπὲσωσιν.

1160 2937 1266 2986 (Demoor.
1282 2937 1341 2978 seut.
1359 2937 1411 2978 Aur.
1426 2939 1460 2985 67,
1475 2938 1510 2979 Οτ,
1526 2939 1554 2986 1.)

367 3007 584 3084 *dmm
613 3011 687 3069 κακὰ
715 3013 848 3088 πάσχουσι
880 3009 904 3070 οῖ
931 3011 1065 3090 ἄνθρωποι
1098 3009 1148 3068 ῦπο
1174 3014 1226 3068 τῶν
1255 3009 1400 3089 ἑχθριῦνῆ
1428 3011 1478 3069 ῦπδ
1504 3016 1555 3070 τιῦν

366 3112 462 3194 ρθιων.

1212 3199 1336 3248 (Demonu,
1351 3199 1386 3248 11,
1401 3199 1436 3240 Or.
1452 3203 1484 3242 11.
1500 3199 1554 3248 146.)

369 3252 448 3330 Ἐμοὶ
470 3253 524 3334 γὰρ
548 3252 590 3329 εἴη
615 3255 739 3331 πτωχός·
766 3251 788 3313 εἰ
812 3253 843 3314 δὲ
867 3253 994 3327 βούλεται

368 3361 478 3437 πτωχοῦ
501 3358 613 3434 κακίων,
638 3360 710 3430 ὅστις
733 3362 770 3418 ὢν
795 3357 885 3430 εὔνους
909 3357 970 3434 ἐμοὶ

367 3465 450 3544 φόβον
471 3464 618 3543 παρελθὼν
640 3463 708 3523 τάπδ
731 3463 844 3544 παρδίας
869 3464 932 3542 ἐρεῖ.

1365 3547 1399 3596 (Ε,
1414 3547 1448 3588 Fr.
1463 3547 1510 3596 Ino,
1525 3549 1555 3598 θ.)

367 3623 415 3682 Ἐν
439 3621 547 3703 εὐτυχίῃ
570 3621 647 3700 ριθον
671 3623 757 3701 εὑρεῖν
781 3619 903 3703 εὔπορον,
928 3620 956 3678 ἐν
980 3619 1011 3679 δὲ
1036 3617 1163 3700 δυστυχῖῃ
1185 3621 1292 3679 πάντων
1316 3619 1499 3698 ἀπορώτατον.

1164 3703 1270 3752 (Βεωοοι.
1285 3703 1345 3744 Sunt.
1361 3704 1412 3744 Aur.
1428 3705 1460 3752 72,
1475 3702 1510 3744 Οτ.
1526 3704 1555 3753 1.)

368 3781 446 3852 Ἐνδς
469 3779 544 3859 φιλία
567 3780 673 3838 οιινέτου
696 3781 816 3858 κρέσσων
840 3778 975 3838 ἀσυνέτων
999 3773 1134 3838 ἁπάντων.

1163 3859 1269 3911 (Democr.
1285 3859 1346 3900 sont.
1361 3860 1413 3900 Λιιι.
1427 3862 1461 3908 67,
1476 3859 1511 3900 οι·.
1526 3860 1556 3910 1.)

369 3982 376 3995 .
402 3982 409 3997 .
434 3983 441 3998 .
467 3937 495 3994 ἕν
517 3955 547 3993 τε
568 3937 624 4005 τοῖς
646 3936 744 4006 κακοῖς
1613 3932 1617 3941 ’

368 4042 417 4100 οῦκ
439 4041 508 4099 ἔστιν
531 4039 608 4100 οῦδὲν
630 4043 755 4120 κρεῖσσον
779 4037 877 4099 οἰκείου
899 4039 986 4119 ρίλου,

1297 4122 1331 4171 (Ε,
1346 4119 1447 4162 Androm.
1463 4121 1502 4162 985
1513 4121 1555 4171 sq.)

368 4197 416 4256 Ἐν
439 4199 495 4268 τοῖς
517 4198 614 4268 κακοῖς
636 4196 689 4275 γὰρ
713 4189 811 4274 ἁγαθοὶ
833 4199 1008 4274 σαρὲοτατοι·

369 4302 453 4381 ρίλοι·
477 4303 511 4360 τοί
533 4300 639 4381 χρηστὰ
662 4300 688 4359 δ’
701 4297 760 4359 αὖθ’
773 4302 864 4360 ἕκαστ’
877 4301 936 4378 ἔχει
958 4293 1061 4380 φίλους.

1305 4383 1338 4431 ffi.
1354 4383 1433 4424 Ηεσαθ.
1449 4385 1499 4424 1226
1513 4383 1555 4432 ιο.)

369 4442 416 4502 Ἐν
438 4443 507 4500 τοῖσι
530 4439 580 4515 μὲν
604 4439 736 4520 δεινοῖσιν,
761 4441 798 4512 ὡς
821 4437 893 4518 φίλοι
916 4441 1016 4519 φίλων·

369 4548 432 4605 ὅταν
455 4545 486 4605 δὲ
507 4541 628 4625 πράξωο’
647 4543 685 4624 εὖ,
710 4545 865 4604 διωθοῦνται
887 4546 977 4624 χάριν,

311 4709 316 4718 ,
369 4649 443 4711 αῦτοῖ
466 4649 500 4710 δι’
514 4650 608 4722 αῦτοῦς
630 4650 751 4728 εῦιυχεῖν
773 4649 929 4728 ἠγοῦμενοι.

1314 4731 1347 4782 (ιτ.
1362 4731 1396 4772 ιν.
1412 4731 1493 4772 Pelian.
1509 4731 1555 4780 xl.)
