3476 5490
686 535 903 598 ,φι-

198 777 206 790 .
232 778 240 792 .
266 776 273 790 .
297 731 336 801 ὡς
358 729 483 808 χαλεπόν
507 727 572 788 εἰσιν
595 728 619 788 οῖ
643 728 716 808 φίλοι

198 833 225 894 οῖ
247 836 402 913 φαινόμενοι
425 833 584 915 παράχρημ’
598 834 662 892 ὅταν
686 835 790 914 πράττῃ
813 853 852 904 τις
875 831 914 892 εῦ.

1168 917 1214 966 ιιι.
1230 917 1287 958 plut.
1304 919 1394 968 isisq.)

307 1021 393 1077 Vide:
412 1023 545 1074 Αάιιάιιῖοε
564 1019 634 1073 Οῦτε.
660 1050 692 1059 -
711 1023 855 1072 Arcanum:
872 1020 1022 1089 Μυστάριον,
1044 1050 1076 1058 -
1100 1021 1232 1089 Οοφιιαθίοτ
1252 1019 1303 1072 Οὐκ
1322 1019 1395 1072 ἔστιν.

202 1141 235 1150 -
256 1113 344 1162 Deus.-
361 1108 419 1160 Θεοὶ
437 1109 459 1160 θ’
473 1105 537 1171 ὅταν,
554 1107 637 1160 Ὅταν.
659 1137 690 1146 -
710 1110 838 1160 Divitiae:
856 1104 905 1158 Ἦν
925 1106 967 1178 μὲν
986 1107 1041 1178 γὰρ.
1067 1139 1099 1146 -
1122 1109 1231 1161 Graius:
1250 1108 1341 1160 Φίλαν.
1361 1139 1393 1147 -

198 1201 383 1264 Ηοπρίῖαῖῖθααι
401 1195 486 1261 Καινῆς
505 1195 631 1264 τραπέζης,
650 1194 694 1254 Ὦς
714 1189 805 1255 αιιαιθς.
826 1225 858 1234 -
877 1197 1054 1261 Ιιιιμωιῦοιιιάαι
1073 1188 1150 1255 Οῦτος
1172 1193 1269 1265 θάρσος.
1296 1221 1326 1240 =
1346 1199 1393 1248 Ια-

197 1286 284 1336 vidia:
303 1283 417 1352 Παῦροις.
447 1313 479 1320 -
508 1271 567 1334 Ιναι
586 1280 638 1334 Oia
658 1280 729 1336 ἔστιν.
758 1312 790 1320 -
821 1283 952 1334 Libertas.-
969 1282 1049 1333 Φίλαν
1068 1277 1134 1351 πρὸς.
1163 1312 1195 1320 -
1220 1283 1329 1336 Lucim:
1347 1283 1393 1334 Καὶ

198 1372 254 1442 γὰρ,
274 1371 311 1424 Οὐ
330 1372 434 1437 θνῃτέαν.
458 1401 490 1410 -
509 1371 652 1423 Medicina:
671 1369 738 1421 Ἀλλ’
751 1369 795 1422 ἐπ’.’
822 1400 853 1408 -
872 1372 958 1422 More:
976 1370 1047 1436 Μηδέ
1064 1389 1113 1438 μοι,
1132 1369 1235 1422 Σπάνιον
1254 1371 1276 1422 δ’
1289 1369 1339 1440 ἀφ’,
1359 1401 1391 1408 -

199 1461 317 1512 Morcus:
335 1453 445 1511 Οθδάῦ.
465 1487 497 1496 -
517 1459 599 1510 Pars:
618 1455 761 1526 Ὁμάφρονα.
782 1487 813 1494 -
833 1459 941 1511 Patria.-
959 1455 995 1509 Oi
1007 1455 1062 1527 γάρ,
1077 1457 1174 1519 Μεῖζον.
1194 1489 1226 1496 -
1247 1460 1393 1512 Peccaium:

198 1545 276 1612 λῆθ’.
295 1576 327 1584 -
343 1545 468 1598 Scieniia:
487 1544 575 1613 Κέρθος
590 1541 639 1614 μὲν.
661 1574 692 1583 -
712 1545 872 1596 Similitudo:
885 1542 1019 1611 Ὁμαιόιης.

710 1720 881 1787 Amisslo.

303 1859 387 1914 Vide:
408 1861 571 1928 Μαφιιὶααῖοι
589 1859 618 1910 Εἰ
637 1858 679 1929 μὴ.
698 1890 730 1898 -
750 1862 914 1913 Praemia:
932 1859 981 1920 Τὰς
997 1859 1052 1930 γὰρ.
1071 1889 1104 1898 -
1125 1862 1250 1914 Stultitia:
1269 1862 1301 1914 Oi
1318 1858 1373 1930 γὰρ.

650 2035 762 2102 Amor
786 2033 937 2120 (Amare).

600 2175 627 2238 l.
652 2203 692 2232 =
715 2173 846 2258 CaritaS,
871 2178 987 2255 Ἀγάπφ.

199 2317 307 2396 Ἀγάπα
329 2317 375 2376 τὀν
397 2317 522 2393 πλησίον.

1286 2401 1390 2454 (Thales.)

197 2482 278 2542 Ἀλλ’
297 2481 380 2562 ἐράω,
403 2481 491 2542 καλὸν
515 2481 546 2542 δὲ
569 2483 592 2542 τ’
606 2483 784 2563 ἑφαοσαμὲνῳ
807 2483 975 2562 ουνεροῖοθαι.

1103 2565 1173 2616 (Bion,
1189 2567 1296 2617 Moschus,
1313 2573 1331 2616 1.
1347 2569 1389 2620 16.)

197 2645 285 2721 Δεῖξω
314 2646 356 2708 σοὶ
385 2643 495 2730 φίλτρον
526 2649 590 2708 άνευ
621 2651 777 2730 φαρμάκου,
810 2649 873 2707 ἀνευ
902 2650 971 2720 πόας
979 2693 988 2728 ,
1012 2649 1076 2707 ἀνευ
1105 2641 1198 2728 ᾠδῆς.
1225 2648 1272 2708 ἐὰν
1304 2650 1389 2732 θέλῃς

198 2761 364 2843 ἀγαπᾶσθαι,
388 2763 492 2840 ἀγάπα.

1231 2845 1264 2896 ffl-
1269 2876 1352 2889 ······
1360 2847 1389 2898 r.)

196 2925 252 2986 Καὶ
275 2929 330 3004 μὴν
354 2927 408 3009 ἐρῶ
430 2949 474 3009 γε,
497 2928 542 2988 τὀν
566 2927 590 2987 δ’
604 2929 683 3008 ἕρωθ
697 2929 781 3000 οῦτως
804 2928 873 3008 ἔχω,

197 3031 224 3092 εἴ
244 3053 289 3108 μοι
312 3033 391 3108 θέμις
413 3034 522 3109 θέλοιμ’
535 3035 576 3114 ἄν,
600 3031 625 3092 εἷ
648 3032 680 3092 δὲ
704 3036 753 3114 μῦν
775 3035 872 3113 πάθες·
1145 3117 1177 3166 (Β,
1191 3114 1284 3157 Philoci.
1300 3117 1388 3168 630qu

196 3197 314 3258 Κοῖτοι
337 3199 379 3270 τῖς
402 3199 468 3276 αθτῃ
491 3199 584 3279 τέρψις
607 3198 724 3270 ἄκοντας
746 3199 848 3280 imi
1206 3281 1248 3324 od
1272 3281 1309 3322 cl

1159 3283 1189 3333 (S.
1223 3293 1234 3322 ο
1251 3311 1256 3322 .
1288 3293 1317 3322 ο.
1332 3283 1388 3333 775.)

197 3410 204 3424 .
230 3411 236 3424 .
261 3410 269 3425 .
292 3363 339 3424 καὶ
363 3365 436 3444 φθαει

196 3489 256 3540 πως
278 3470 423 3548 εὐάγωγος
446 3469 501 3529 ἐστι
522 3473 577 3541 παῖς
601 3469 667 3548 ἀνὴρ
692 3467 771 3548 ἐρῶν.

1202 3553 1268 3604 μιαν.
1284 3552 1315 3594 αι.
1332 3553 1388 3604 ιιι.)

194 3634 245 3708 Μὴ
270 3636 299 3710 μ’
313 3636 403 3696 ἔπεσιν
427 3635 477 3710 μὲν
501 3636 607 3715 στέργε,
631 3635 693 3695 νόον
717 3633 741 3692 δ’
755 3635 804 3712 ἔχε
826 3633 873 3694 καὶ
897 3637 996 3715 φρένας
1019 3634 1105 3719 ἀλλῃ,

300 3739 327 3800 εἴ
349 3762 384 3817 με
406 3741 494 3820 φιλεῖς
516 3739 564 3799 καί
587 3760 627 3799 σοι
649 3739 742 3811 πιστθς
765 3741 851 3800 ἔνεστι
873 3741 943 3811 νάος.

1173 3822 1297 3875 (Theognis,
1313 3826 1337 3866 87
1345 3825 1387 3874 sq.)

194 3907 301 3982 Νάμιζε
325 3904 386 3966 δἐἰ
409 3906 440 3966 σθ
462 3906 511 3980 τὴν
535 3910 630 3966 σαυτοῦ
652 3905 740 3984 φιλεῖς

193 4012 294 4093 ψυχὴν,
318 4011 406 4090 φιλεῖν
429 4012 559 4082 ἅπαντας.

1185 4095 1218 4146 (ii.
1233 4095 1314 4136 Aleost.
1330 4095 1388 4144 703.)

194 4177 285 4258 Ὀργὴ
309 4177 458 4256 φιλούντων
482 4175 576 4255 ὀλίγον
599 4175 685 4255 ἰσχύει
707 4179 814 4257 χρόνον.

1215 4262 1282 4312 (Men.
1297 4261 1329 4302 cl.
1345 4263 1388 4312 16.)

195 4341 294 4415 Οῖιάεὶς
316 4343 371 4424 γάρ
394 4343 508 4420 ἀγαπῶν
532 4345 612 4416 αῐντθς
634 4343 760 4419 ἀμελεῖθ’
776 4342 877 4418 ἡδέως.

1203 4427 1268 4478 (Men.
1284 4428 1315 4469 αι.
1331 4429 1387 4480 262.)

197 4509 264 4569 Οὐδ’
280 4509 387 4588 ὑφ’ἑνος
410 4509 549 4588 φιλέεοθαι
573 4508 664 4570 δοκέει
688 4531 733 4585 μοι
757 4510 771 4568 ὁ
794 4508 894 4590 φιλέων
917 4511 1023 4571 οῦθένα.

1023 4595 1147 4645 (Demoou'i.
1163 4596 1223 4637 sont.
1239 4595 1290 4635 Aur.
1306 4595 1340 4636 Or.
1356 4597 1386 4647 1.)

198 4673 257 4732 Οῦνι
278 4669 323 4754 ἀφ’
340 4671 398 4732 ἐστὶ
420 4673 497 4753 φιλον
519 4673 558 4754 τῷ
580 4675 699 4754 φιλοῦντι
722 4673 800 4733 οῦδὲν
824 4677 862 4751 μὴ
886 4675 1045 4755 ἀντιφιλοῦν.

1150 4759 1227 4810 (Plato,
1243 4761 1315 4812 Symp.
1330 4761 1387 4814 212.)
