<?xml version="1.0" encoding="UTF-8"?>
<!DOCTYPE html PUBLIC "-//W3C//DTD XHTML 1.0 Transitional//EN"
    "http://www.w3.org/TR/xhtml1/DTD/xhtml1-transitional.dtd">
<html xmlns="http://www.w3.org/1999/xhtml" xml:lang="en" lang="en">
 <head>
  <title>
</title>
<meta http-equiv="Content-Type" content="text/html;charset=utf-8" />
  <meta name='ocr-system' content='tesseract 3.04.00' />
  <meta name='ocr-capabilities' content='ocr_page ocr_carea ocr_par ocr_line ocrx_word'/>
</head>
<body>
  <div class='ocr_page' id='page_1' title='image "./gnmaisivethesau00hngoog_0232.png"; bbox 0 0 3532 5500; ppageno 0'>
   <div class='ocr_carea' id='block_1_1' title="bbox 639 524 920 590">
    <p class='ocr_par' dir='ltr' id='par_1_1' title="bbox 639 524 920 590">
     <span class='ocr_line' id='line_1_1' title="bbox 639 524 920 590; baseline 0 -8"><span class='ocrx_word' id='word_1_1' title='bbox 639 524 920 590; x_wconf 42' lang='lat'>„203-</span> 
     </span>
    </p>
   </div>
   <div class='ocr_carea' id='block_1_2' title="bbox 204 717 1399 852">
    <p class='ocr_par' dir='ltr' id='par_1_2' title="bbox 204 717 1399 852">
     <span class='ocr_line' id='line_1_2' title="bbox 204 717 837 799; baseline 0.005 -23"><span class='ocrx_word' id='word_1_2' title='bbox 204 717 417 777; x_wconf 85' lang='grc' dir='ltr'>ἐκπυνθάνεσθαί</span> <span class='ocrx_word' id='word_1_3' title='bbox 440 718 463 775; x_wconf 83' lang='grc' dir='ltr'>τ’</span> <span class='ocrx_word' id='word_1_4' title='bbox 476 717 597 799; x_wconf 86' lang='grc' dir='ltr'>ἀρσένων</span> <span class='ocrx_word' id='word_1_5' title='bbox 619 721 680 799; x_wconf 85' lang='grc' dir='ltr'>πέρι</span> <span class='ocrx_word' id='word_1_6' title='bbox 704 718 775 794; x_wconf 82' lang='grc' dir='ltr'>μηδὲ</span> <span class='ocrx_word' id='word_1_7' title='bbox 800 721 837 779; x_wconf 84' lang='grc' dir='ltr'>ἐν.</span> 
     </span>
     <span class='ocr_line' id='line_1_3' title="bbox 924 799 1399 852; baseline -0.002 -10"><span class='ocrx_word' id='word_1_8' title='bbox 924 802 990 852; x_wconf 77' lang='lat' dir='ltr'><strong>(Men.</strong></span> <span class='ocrx_word' id='word_1_9' title='bbox 1007 801 1083 843; x_wconf 77' lang='lat' dir='ltr'><strong>incert.</strong></span> <span class='ocrx_word' id='word_1_10' title='bbox 1098 801 1204 850; x_wconf 72' lang='lat' dir='ltr'>Meineke.</span> <span class='ocrx_word' id='word_1_11' title='bbox 1220 813 1240 842; x_wconf 84' lang='lat' dir='ltr'>v.</span> <span class='ocrx_word' id='word_1_12' title='bbox 1255 799 1290 847; x_wconf 76' lang='grc' dir='ltr'>Ν,</span> <span class='ocrx_word' id='word_1_13' title='bbox 1306 813 1326 852; x_wconf 82' lang='lat' dir='ltr'>p.</span> <span class='ocrx_word' id='word_1_14' title='bbox 1342 801 1399 852; x_wconf 67' lang='grc' dir='ltr'>Μ.)</span> 
     </span>
    </p>
   </div>
   <div class='ocr_carea' id='block_1_3' title="bbox 203 874 978 1270">
    <p class='ocr_par' dir='ltr' id='par_1_3' title="bbox 203 874 813 956">
     <span class='ocr_line' id='line_1_4' title="bbox 203 874 813 956; baseline 0 -20"><span class='ocrx_word' id='word_1_15' title='bbox 203 874 262 936; x_wconf 83' lang='grc' dir='ltr'>Καὶ</span> <span class='ocrx_word' id='word_1_16' title='bbox 283 881 328 936; x_wconf 84' lang='grc' dir='ltr'>νῦν</span> <span class='ocrx_word' id='word_1_17' title='bbox 350 881 474 956; x_wconf 82' lang='grc' dir='ltr'>παραινῶ</span> <span class='ocrx_word' id='word_1_18' title='bbox 497 881 560 936; x_wconf 85' lang='grc' dir='ltr'>πάσι</span> <span class='ocrx_word' id='word_1_19' title='bbox 584 879 640 949; x_wconf 89' lang='grc' dir='ltr'>τοῖς</span> <span class='ocrx_word' id='word_1_20' title='bbox 661 878 813 956; x_wconf 82' lang='grc' dir='ltr'>νεωτέροις,</span> 
     </span>
    </p>

    <p class='ocr_par' dir='ltr' id='par_1_4' title="bbox 203 979 978 1270">
     <span class='ocr_line' id='line_1_5' title="bbox 204 979 909 1062; baseline 0 -22"><span class='ocrx_word' id='word_1_21' title='bbox 204 979 245 1055; x_wconf 86' lang='grc' dir='ltr'>μὴ</span> <span class='ocrx_word' id='word_1_22' title='bbox 267 982 335 1062; x_wconf 81' lang='grc' dir='ltr'>πρός</span> <span class='ocrx_word' id='word_1_23' title='bbox 357 982 387 1040; x_wconf 83' lang='grc' dir='ltr'>τό</span> <span class='ocrx_word' id='word_1_24' title='bbox 409 987 499 1061; x_wconf 87' lang='grc' dir='ltr'>γῆρας</span> <span class='ocrx_word' id='word_1_25' title='bbox 520 981 583 1054; x_wconf 77' lang='grc' dir='ltr'>τους</span> <span class='ocrx_word' id='word_1_26' title='bbox 605 983 711 1059; x_wconf 84' lang='grc' dir='ltr'>γάμους</span> <span class='ocrx_word' id='word_1_27' title='bbox 732 983 909 1056; x_wconf 87' lang='grc' dir='ltr'>ποιουμένους</span> 
     </span>
     <span class='ocr_line' id='line_1_6' title="bbox 203 1085 978 1166; baseline -0.001 -21"><span class='ocrx_word' id='word_1_28' title='bbox 203 1086 297 1166; x_wconf 80' lang='grc' dir='ltr'>σχολῇ</span> <span class='ocrx_word' id='word_1_29' title='bbox 319 1087 477 1146; x_wconf 73' lang='grc' dir='ltr'>τεκνοῦσθαι</span> <span class='ocrx_word' id='word_1_30' title='bbox 499 1087 601 1158; x_wconf 87' lang='grc' dir='ltr'>παῖδας</span> <span class='ocrx_word' id='word_1_31' title='bbox 624 1121 664 1129; x_wconf 91' lang='grc'><strong>-</strong></span> <span class='ocrx_word' id='word_1_32' title='bbox 687 1087 717 1144; x_wconf 83' lang='grc' dir='ltr'>σθ</span> <span class='ocrx_word' id='word_1_33' title='bbox 739 1085 793 1165; x_wconf 86' lang='grc' dir='ltr'>γάρ</span> <span class='ocrx_word' id='word_1_34' title='bbox 815 1087 902 1162; x_wconf 82' lang='grc' dir='ltr'>ῆδσνῆ</span> <span class='ocrx_word' id='word_1_35' title='bbox 925 1121 978 1166; x_wconf 94' lang='grc'>-,</span> 
     </span>
     <span class='ocr_line' id='line_1_7' title="bbox 204 1189 892 1270; baseline 0.001 -21"><span class='ocrx_word' id='word_1_36' title='bbox 204 1190 326 1262; x_wconf 83' lang='grc' dir='ltr'>ἀλλ’ὡς</span> <span class='ocrx_word' id='word_1_37' title='bbox 348 1193 485 1268; x_wconf 84' lang='grc' dir='ltr'>τάχιστα·</span> <span class='ocrx_word' id='word_1_38' title='bbox 509 1189 556 1250; x_wconf 88' lang='grc' dir='ltr'>καὶ</span> <span class='ocrx_word' id='word_1_39' title='bbox 578 1191 631 1270; x_wconf 90' lang='grc' dir='ltr'>γάρ</span> <span class='ocrx_word' id='word_1_40' title='bbox 656 1189 782 1270; x_wconf 81' lang='grc' dir='ltr'>ἐκτρσραῖ</span> <span class='ocrx_word' id='word_1_41' title='bbox 805 1189 892 1250; x_wconf 84' lang='grc' dir='ltr'>καλαὶ</span> 
     </span>
    </p>
   </div>
   <div class='ocr_carea' id='block_1_4' title="bbox 203 1293 1399 1430">
    <p class='ocr_par' dir='ltr' id='par_1_5' title="bbox 203 1293 1399 1430">
     <span class='ocr_line' id='line_1_8' title="bbox 203 1293 775 1376; baseline 0.009 -22"><span class='ocrx_word' id='word_1_42' title='bbox 203 1293 253 1354; x_wconf 81' lang='grc' dir='ltr'>καῖ</span> <span class='ocrx_word' id='word_1_43' title='bbox 276 1298 426 1366; x_wconf 83' lang='grc' dir='ltr'>συννεάζων</span> <span class='ocrx_word' id='word_1_44' title='bbox 448 1295 500 1372; x_wconf 81' lang='grc' dir='ltr'>ήδῖι</span> <span class='ocrx_word' id='word_1_45' title='bbox 522 1298 586 1368; x_wconf 86' lang='grc' dir='ltr'>παῖς</span> <span class='ocrx_word' id='word_1_46' title='bbox 609 1297 662 1374; x_wconf 86' lang='grc' dir='ltr'>νέῳ</span> <span class='ocrx_word' id='word_1_47' title='bbox 685 1295 775 1376; x_wconf 87' lang='grc' dir='ltr'>πατρί.</span> 
     </span>
     <span class='ocr_line' id='line_1_9' title="bbox 1167 1376 1399 1430; baseline -0.013 -10"><span class='ocrx_word' id='word_1_48' title='bbox 1167 1379 1200 1430; x_wconf 78' lang='grc' dir='ltr'>(Ε.</span> <span class='ocrx_word' id='word_1_49' title='bbox 1216 1379 1251 1420; x_wconf 78' lang='lat' dir='ltr'>Fr.</span> <span class='ocrx_word' id='word_1_50' title='bbox 1266 1378 1346 1426; x_wconf 54' lang='lat' dir='ltr'>Danae}</span> <span class='ocrx_word' id='word_1_51' title='bbox 1361 1376 1399 1428; x_wconf 85' lang='lat'><em>11.)</em></span> 
     </span>
    </p>
   </div>
   <div class='ocr_carea' id='block_1_5' title="bbox 201 1449 946 2163">
    <p class='ocr_par' dir='ltr' id='par_1_6' title="bbox 203 1449 915 1637">
     <span class='ocr_line' id='line_1_10' title="bbox 203 1449 915 1533; baseline -0.001 -21"><span class='ocrx_word' id='word_1_52' title='bbox 203 1449 242 1488; x_wconf 87' lang='grc'>**</span> <span class='ocrx_word' id='word_1_53' title='bbox 254 1449 311 1512; x_wconf 88' lang='grc' dir='ltr'>Καὶ</span> <span class='ocrx_word' id='word_1_54' title='bbox 333 1455 426 1512; x_wconf 84' lang='grc' dir='ltr'>τοῦτον</span> <span class='ocrx_word' id='word_1_55' title='bbox 449 1453 525 1528; x_wconf 75' lang='grc' dir='ltr'>ἡμᾶς</span> <span class='ocrx_word' id='word_1_56' title='bbox 547 1453 592 1512; x_wconf 80' lang='grc' dir='ltr'>τόν</span> <span class='ocrx_word' id='word_1_57' title='bbox 614 1454 711 1533; x_wconf 83' lang='grc' dir='ltr'>τρόπον</span> <span class='ocrx_word' id='word_1_58' title='bbox 734 1454 834 1532; x_wconf 84' lang='grc' dir='ltr'>γαμεῖν</span> <span class='ocrx_word' id='word_1_59' title='bbox 858 1451 915 1512; x_wconf 82' lang='grc' dir='ltr'>ἔδει</span> 
     </span>
     <span class='ocr_line' id='line_1_11' title="bbox 203 1553 807 1637; baseline 0.003 -22"><span class='ocrx_word' id='word_1_60' title='bbox 203 1557 339 1637; x_wconf 81' lang='grc' dir='ltr'>ἅπαντας,</span> <span class='ocrx_word' id='word_1_61' title='bbox 363 1553 386 1616; x_wconf 81' lang='grc' dir='ltr'>ὢ</span> <span class='ocrx_word' id='word_1_62' title='bbox 408 1557 462 1617; x_wconf 83' lang='grc' dir='ltr'>Ζεῦ</span> <span class='ocrx_word' id='word_1_63' title='bbox 486 1563 582 1637; x_wconf 80' lang='grc' dir='ltr'>σῶτερ,</span> <span class='ocrx_word' id='word_1_64' title='bbox 606 1559 644 1628; x_wconf 84' lang='grc' dir='ltr'>ὡς</span> <span class='ocrx_word' id='word_1_65' title='bbox 667 1557 807 1637; x_wconf 79' lang='grc' dir='ltr'>ὠνῆμεθα,</span> 
     </span>
    </p>

    <p class='ocr_par' dir='ltr' id='par_1_7' title="bbox 202 1659 813 1742">
     <span class='ocr_line' id='line_1_12' title="bbox 202 1659 813 1742; baseline 0.003 -22"><span class='ocrx_word' id='word_1_66' title='bbox 202 1663 255 1721; x_wconf 77' lang='grc' dir='ltr'>οὐκ</span> <span class='ocrx_word' id='word_1_67' title='bbox 278 1659 415 1735; x_wconf 81' lang='grc' dir='ltr'>ἐξετάζειν</span> <span class='ocrx_word' id='word_1_68' title='bbox 439 1663 490 1737; x_wconf 89' lang='grc' dir='ltr'>μὲν</span> <span class='ocrx_word' id='word_1_69' title='bbox 513 1662 547 1721; x_wconf 90' lang='grc' dir='ltr'>πά</span> <span class='ocrx_word' id='word_1_70' title='bbox 569 1662 657 1736; x_wconf 88' lang='grc' dir='ltr'>μηδὲν</span> <span class='ocrx_word' id='word_1_71' title='bbox 680 1665 813 1742; x_wconf 80' lang='grc' dir='ltr'>χρήσιμα,</span> 
     </span>
    </p>

    <p class='ocr_par' dir='ltr' id='par_1_8' title="bbox 201 1761 946 2057">
     <span class='ocr_line' id='line_1_13' title="bbox 201 1761 880 1846; baseline 0.003 -22"><span class='ocrx_word' id='word_1_72' title='bbox 201 1763 245 1838; x_wconf 88' lang='grc' dir='ltr'>τῖς</span> <span class='ocrx_word' id='word_1_73' title='bbox 266 1762 299 1842; x_wconf 82' lang='grc' dir='ltr'>ἦν</span> <span class='ocrx_word' id='word_1_74' title='bbox 322 1768 337 1825; x_wconf 89' lang='grc' dir='ltr'>ό</span> <span class='ocrx_word' id='word_1_75' title='bbox 359 1769 478 1846; x_wconf 87' lang='grc' dir='ltr'>πάππος,</span> <span class='ocrx_word' id='word_1_76' title='bbox 501 1761 536 1842; x_wconf 78' lang='grc' dir='ltr'>ῆς</span> <span class='ocrx_word' id='word_1_77' title='bbox 557 1769 652 1846; x_wconf 88' lang='grc' dir='ltr'>γαμεῖ,</span> <span class='ocrx_word' id='word_1_78' title='bbox 674 1768 743 1842; x_wconf 80' lang='grc' dir='ltr'>τῆθη</span> <span class='ocrx_word' id='word_1_79' title='bbox 767 1767 798 1828; x_wconf 88' lang='grc' dir='ltr'>δέ</span> <span class='ocrx_word' id='word_1_80' title='bbox 821 1767 880 1846; x_wconf 82' lang='grc' dir='ltr'>τῖς;</span> 
     </span>
     <span class='ocr_line' id='line_1_14' title="bbox 201 1867 946 1952; baseline 0.001 -22"><span class='ocrx_word' id='word_1_81' title='bbox 201 1871 250 1930; x_wconf 82' lang='grc' dir='ltr'>τόν</span> <span class='ocrx_word' id='word_1_82' title='bbox 274 1870 426 1951; x_wconf 86' lang='grc' dir='ltr'>δὲτρόπον</span> <span class='ocrx_word' id='word_1_83' title='bbox 449 1873 531 1948; x_wconf 86' lang='grc' dir='ltr'>αῖιτῆς</span> <span class='ocrx_word' id='word_1_84' title='bbox 553 1877 602 1947; x_wconf 84' lang='grc' dir='ltr'>τῆς</span> <span class='ocrx_word' id='word_1_85' title='bbox 624 1873 813 1952; x_wconf 83' lang='grc' dir='ltr'>γαμουμένης,</span> <span class='ocrx_word' id='word_1_86' title='bbox 837 1871 898 1950; x_wconf 85' lang='grc' dir='ltr'>μεθ’</span> <span class='ocrx_word' id='word_1_87' title='bbox 911 1867 946 1948; x_wconf 80' lang='grc' dir='ltr'>ῆς</span> 
     </span>
     <span class='ocr_line' id='line_1_15' title="bbox 202 1971 788 2057; baseline 0.002 -22"><span class='ocrx_word' id='word_1_88' title='bbox 202 1971 343 2055; x_wconf 81' lang='grc' dir='ltr'>βιώσεται,</span> <span class='ocrx_word' id='word_1_89' title='bbox 368 1976 430 2052; x_wconf 72' lang='grc' dir='ltr'>μήτ’</span> <span class='ocrx_word' id='word_1_90' title='bbox 444 1973 572 2049; x_wconf 78' lang='grc' dir='ltr'>ἐξετάσαι</span> <span class='ocrx_word' id='word_1_91' title='bbox 595 1979 658 2053; x_wconf 78' lang='grc' dir='ltr'>μήτ’</span> <span class='ocrx_word' id='word_1_92' title='bbox 671 1976 788 2057; x_wconf 81' lang='grc' dir='ltr'>εἰσιδεῖν,</span> 
     </span>
    </p>

    <p class='ocr_par' dir='ltr' id='par_1_9' title="bbox 202 2079 935 2163">
     <span class='ocr_line' id='line_1_16' title="bbox 202 2079 935 2163; baseline 0.003 -23"><span class='ocrx_word' id='word_1_93' title='bbox 202 2081 273 2140; x_wconf 84' lang='grc' dir='ltr'>ἀλλ’</span> <span class='ocrx_word' id='word_1_94' title='bbox 287 2079 331 2140; x_wconf 83' lang='grc' dir='ltr'>ἐπὶ</span> <span class='ocrx_word' id='word_1_95' title='bbox 353 2083 488 2160; x_wconf 84' lang='grc' dir='ltr'>τράπεζαν</span> <span class='ocrx_word' id='word_1_96' title='bbox 511 2082 562 2156; x_wconf 86' lang='grc' dir='ltr'>μὲν</span> <span class='ocrx_word' id='word_1_97' title='bbox 584 2084 674 2161; x_wconf 85' lang='grc' dir='ltr'>ρέρειν</span> <span class='ocrx_word' id='word_1_98' title='bbox 696 2084 745 2157; x_wconf 78' lang='grc' dir='ltr'>τὴν</span> <span class='ocrx_word' id='word_1_99' title='bbox 766 2084 868 2163; x_wconf 80' lang='grc' dir='ltr'>προῖχ’,</span> <span class='ocrx_word' id='word_1_100' title='bbox 891 2083 935 2142; x_wconf 87' lang='grc' dir='ltr'>ἵνα</span> 
     </span>
    </p>
   </div>
   <div class='ocr_carea' id='block_1_6' title="bbox 202 2183 1401 2322">
    <p class='ocr_par' dir='ltr' id='par_1_10' title="bbox 202 2183 1401 2322">
     <span class='ocr_line' id='line_1_17' title="bbox 202 2183 1401 2322; baseline 0.052 -78"><span class='ocrx_word' id='word_1_101' title='bbox 202 2183 230 2244; x_wconf 79' lang='grc' dir='ltr'>εὶ</span> <span class='ocrx_word' id='word_1_102' title='bbox 251 2185 394 2265; x_wconf 83' lang='grc' dir='ltr'>τὰργόρισν</span> <span class='ocrx_word' id='word_1_103' title='bbox 417 2186 504 2246; x_wconf 85' lang='grc' dir='ltr'>καλόν</span> <span class='ocrx_word' id='word_1_104' title='bbox 528 2187 593 2265; x_wconf 84' lang='grc' dir='ltr'>ἐστι,</span> <span class='ocrx_word' id='word_1_105' title='bbox 618 2187 785 2262; x_wconf 48' lang='lat' dir='ltr'>Beatum&amp;</span> <span class='ocrx_word' id='word_1_106' title='bbox 806 2186 863 2268; x_wconf 65' lang='grc' dir='ltr'>ἶδθ·</span> <span class='ocrx_word' id='word_1_107' title='bbox 931 2271 990 2322; x_wconf 58' lang='grc' dir='ltr'>,Μ</span> <span class='ocrx_word' id='word_1_108' title='bbox 1012 2269 1083 2310; x_wconf 59' lang='lat' dir='ltr'>mm</span> <span class='ocrx_word' id='word_1_109' title='bbox 1106 2268 1205 2310; x_wconf 56' lang='lat' dir='ltr'>mm</span> <span class='ocrx_word' id='word_1_110' title='bbox 1227 2281 1241 2309; x_wconf 79' lang='grc'>,</span> <span class='ocrx_word' id='word_1_111' title='bbox 1262 2267 1291 2310; x_wconf 79' lang='lat' dir='ltr'>1v</span> <span class='ocrx_word' id='word_1_112' title='bbox 1312 2279 1326 2318; x_wconf 55' lang='grc' dir='ltr'><strong>Ρ</strong></span> <span class='ocrx_word' id='word_1_113' title='bbox 1345 2268 1401 2318; x_wconf 71' lang='lat'>223)</span> 
     </span>
    </p>
   </div>
   <div class='ocr_carea' id='block_1_7' title="bbox 201 2333 900 2630">
    <p class='ocr_par' dir='ltr' id='par_1_11' title="bbox 201 2333 900 2630">
     <span class='ocr_line' id='line_1_18' title="bbox 201 2333 900 2425; baseline 0.003 -25"><span class='ocrx_word' id='word_1_114' title='bbox 201 2333 315 2423; x_wconf 84' lang='grc' dir='ltr'>Κᾷτ’σθ</span> <span class='ocrx_word' id='word_1_115' title='bbox 337 2345 437 2418; x_wconf 84' lang='grc' dir='ltr'>γαμεῖν</span> <span class='ocrx_word' id='word_1_116' title='bbox 461 2339 521 2417; x_wconf 86' lang='grc' dir='ltr'>δῆτ’</span> <span class='ocrx_word' id='word_1_117' title='bbox 535 2343 569 2402; x_wconf 84' lang='grc' dir='ltr'>ἔκ</span> <span class='ocrx_word' id='word_1_118' title='bbox 590 2363 620 2402; x_wconf 85' lang='grc' dir='ltr'>τε</span> <span class='ocrx_word' id='word_1_119' title='bbox 643 2343 776 2422; x_wconf 86' lang='grc' dir='ltr'>γενναίων</span> <span class='ocrx_word' id='word_1_120' title='bbox 797 2345 900 2425; x_wconf 85' lang='grc' dir='ltr'>χρεὼν,</span> 
     </span>
     <span class='ocr_line' id='line_1_19' title="bbox 202 2443 888 2528; baseline 0 -22"><span class='ocrx_word' id='word_1_121' title='bbox 202 2445 299 2506; x_wconf 84' lang='grc' dir='ltr'>δοῦναί</span> <span class='ocrx_word' id='word_1_122' title='bbox 320 2447 344 2504; x_wconf 84' lang='grc' dir='ltr'>τ’</span> <span class='ocrx_word' id='word_1_123' title='bbox 359 2445 389 2517; x_wconf 90' lang='grc' dir='ltr'>ἐς</span> <span class='ocrx_word' id='word_1_124' title='bbox 412 2445 535 2522; x_wconf 67' lang='grc' dir='ltr'>ἐσθλοὺς,</span> <span class='ocrx_word' id='word_1_125' title='bbox 559 2448 631 2519; x_wconf 73' lang='grc' dir='ltr'>ὅστις</span> <span class='ocrx_word' id='word_1_126' title='bbox 654 2443 685 2506; x_wconf 81' lang='grc' dir='ltr'>εὖ</span> <span class='ocrx_word' id='word_1_127' title='bbox 708 2448 888 2528; x_wconf 73' lang='grc' dir='ltr'>βουλεύεται,</span> 
     </span>
     <span class='ocr_line' id='line_1_20' title="bbox 202 2547 808 2630; baseline 0.002 -20"><span class='ocrx_word' id='word_1_128' title='bbox 202 2555 299 2610; x_wconf 78' lang='grc' dir='ltr'>κακῶν</span> <span class='ocrx_word' id='word_1_129' title='bbox 323 2547 355 2608; x_wconf 88' lang='grc' dir='ltr'>δὲ</span> <span class='ocrx_word' id='word_1_130' title='bbox 377 2549 500 2630; x_wconf 78' lang='grc' dir='ltr'>λέκτρων</span> <span class='ocrx_word' id='word_1_131' title='bbox 524 2552 562 2627; x_wconf 87' lang='grc' dir='ltr'>μὴ</span> <span class='ocrx_word' id='word_1_132' title='bbox 575 2551 710 2628; x_wconf 83' lang='grc' dir='ltr'>’πιθυμίαν</span> <span class='ocrx_word' id='word_1_133' title='bbox 734 2553 808 2630; x_wconf 87' lang='grc' dir='ltr'>ἐχειν</span> 
     </span>
    </p>
   </div>
   <div class='ocr_carea' id='block_1_8' title="bbox 203 2627 1173 2738">
    <p class='ocr_par' dir='ltr' id='par_1_12' title="bbox 203 2627 1173 2738">
     <span class='ocr_line' id='line_1_21' title="bbox 203 2627 1173 2738; baseline 0.004 -24"><span class='ocrx_word' id='word_1_134' title='bbox 203 2655 272 2731; x_wconf 85' lang='grc' dir='ltr'>μηδ’</span> <span class='ocrx_word' id='word_1_135' title='bbox 286 2654 311 2714; x_wconf 87' lang='grc' dir='ltr'>εἰ</span> <span class='ocrx_word' id='word_1_136' title='bbox 333 2656 501 2728; x_wconf 80' lang='grc' dir='ltr'>ζαπλοθτους</span> <span class='ocrx_word' id='word_1_137' title='bbox 523 2655 625 2718; x_wconf 87' lang='grc' dir='ltr'>οἴσεται</span> <span class='ocrx_word' id='word_1_138' title='bbox 648 2653 749 2738; x_wconf 83' lang='grc' dir='ltr'>ρερνάς</span> <span class='ocrx_word' id='word_1_139' title='bbox 772 2655 877 2733; x_wconf 85' lang='grc' dir='ltr'>δόμοις,</span> <span class='ocrx_word' id='word_1_140' title='bbox 1161 2627 1173 2654; x_wconf 59' lang='lat'><strong>⁴</strong></span> 
     </span>
    </p>
   </div>
   <div class='ocr_carea' id='block_1_9' title="bbox 202 2741 1402 3100">
    <p class='ocr_par' dir='ltr' id='par_1_13' title="bbox 202 2741 1402 3100">
     <span class='ocr_line' id='line_1_22' title="bbox 1121 2741 1402 2792; baseline -0.007 -10"><span class='ocrx_word' id='word_1_141' title='bbox 1121 2741 1154 2792; x_wconf 77' lang='grc' dir='ltr'>(Ε.</span> <span class='ocrx_word' id='word_1_142' title='bbox 1170 2741 1271 2782; x_wconf 79' lang='lat' dir='ltr'>Androm.</span> <span class='ocrx_word' id='word_1_143' title='bbox 1286 2741 1337 2783; x_wconf 71' lang='lat'>1279</span> <span class='ocrx_word' id='word_1_144' title='bbox 1345 2741 1402 2791; x_wconf 82' lang='lat' dir='ltr'><strong>sqq.)</strong></span> 
     </span>
     <span class='ocr_line' id='line_1_23' title="bbox 202 2809 1070 2894; baseline 0.003 -23"><span class='ocrx_word' id='word_1_145' title='bbox 202 2810 350 2891; x_wconf 77' lang='grc' dir='ltr'>**Κριοὶνς</span> <span class='ocrx_word' id='word_1_146' title='bbox 372 2812 423 2886; x_wconf 86' lang='grc' dir='ltr'>μὲν</span> <span class='ocrx_word' id='word_1_147' title='bbox 445 2809 492 2871; x_wconf 87' lang='grc' dir='ltr'>καὶ</span> <span class='ocrx_word' id='word_1_148' title='bbox 515 2812 592 2884; x_wconf 84' lang='grc' dir='ltr'>όνσυς</span> <span class='ocrx_word' id='word_1_149' title='bbox 616 2812 762 2894; x_wconf 77' lang='grc' dir='ltr'>διζήμεθα,</span> <span class='ocrx_word' id='word_1_150' title='bbox 786 2813 885 2894; x_wconf 80' lang='grc' dir='ltr'>Κύρνε,</span> <span class='ocrx_word' id='word_1_151' title='bbox 908 2814 954 2875; x_wconf 87' lang='grc' dir='ltr'>καὶ</span> <span class='ocrx_word' id='word_1_152' title='bbox 976 2815 1070 2887; x_wconf 88' lang='grc' dir='ltr'>ἵππους</span> 
     </span>
     <span class='ocr_line' id='line_1_24' title="bbox 310 2916 922 2997; baseline 0.008 -23"><span class='ocrx_word' id='word_1_153' title='bbox 310 2916 449 2996; x_wconf 84' lang='grc' dir='ltr'>εὐγενέας,</span> <span class='ocrx_word' id='word_1_154' title='bbox 473 2917 518 2976; x_wconf 88' lang='grc' dir='ltr'>καί</span> <span class='ocrx_word' id='word_1_155' title='bbox 541 2939 581 2989; x_wconf 85' lang='grc' dir='ltr'>τις</span> <span class='ocrx_word' id='word_1_156' title='bbox 604 2917 732 2992; x_wconf 78' lang='grc' dir='ltr'>βούλεται</span> <span class='ocrx_word' id='word_1_157' title='bbox 757 2917 788 2991; x_wconf 82' lang='grc' dir='ltr'>ἐξ</span> <span class='ocrx_word' id='word_1_158' title='bbox 811 2920 922 2997; x_wconf 84' lang='grc' dir='ltr'>ἀγαθῶν</span> 
     </span>
     <span class='ocr_line' id='line_1_25' title="bbox 203 3019 977 3100; baseline 0.005 -19"><span class='ocrx_word' id='word_1_159' title='bbox 203 3021 354 3097; x_wconf 84' lang='grc' dir='ltr'>βῆσεσθαι·</span> <span class='ocrx_word' id='word_1_160' title='bbox 378 3027 467 3100; x_wconf 82' lang='grc' dir='ltr'>γῆμαι</span> <span class='ocrx_word' id='word_1_161' title='bbox 490 3019 521 3081; x_wconf 87' lang='grc' dir='ltr'>δὲ</span> <span class='ocrx_word' id='word_1_162' title='bbox 543 3023 633 3098; x_wconf 85' lang='grc' dir='ltr'>κακὴν</span> <span class='ocrx_word' id='word_1_163' title='bbox 654 3026 740 3083; x_wconf 83' lang='grc' dir='ltr'>κακοῦ</span> <span class='ocrx_word' id='word_1_164' title='bbox 763 3024 794 3084; x_wconf 85' lang='grc' dir='ltr'>σῖι</span> <span class='ocrx_word' id='word_1_165' title='bbox 817 3019 977 3099; x_wconf 86' lang='grc' dir='ltr'>μελεδαίνει</span> 
     </span>
    </p>
   </div>
   <div class='ocr_carea' id='block_1_10' title="bbox 204 3121 1402 3345">
    <p class='ocr_par' dir='ltr' id='par_1_14' title="bbox 204 3121 1402 3345">
     <span class='ocr_line' id='line_1_26' title="bbox 310 3121 985 3208; baseline 0.009 -23"><span class='ocrx_word' id='word_1_166' title='bbox 310 3126 408 3198; x_wconf 76' lang='grc' dir='ltr'>ἐσθλός</span> <span class='ocrx_word' id='word_1_167' title='bbox 432 3121 510 3206; x_wconf 80' lang='grc' dir='ltr'>ἀνὴρ,</span> <span class='ocrx_word' id='word_1_168' title='bbox 533 3127 566 3201; x_wconf 79' lang='grc' dir='ltr'>ἤν</span> <span class='ocrx_word' id='word_1_169' title='bbox 589 3127 615 3188; x_wconf 86' lang='grc' dir='ltr'>σῖ</span> <span class='ocrx_word' id='word_1_170' title='bbox 636 3130 768 3208; x_wconf 82' lang='grc' dir='ltr'>χρήματα</span> <span class='ocrx_word' id='word_1_171' title='bbox 790 3129 886 3189; x_wconf 85' lang='grc' dir='ltr'>πολλὰ</span> <span class='ocrx_word' id='word_1_172' title='bbox 909 3127 985 3208; x_wconf 78' lang='grc' dir='ltr'>διδῷ.</span> 
     </span>
     <span class='ocr_line' id='line_1_27' title="bbox 1162 3212 1402 3265; baseline 0.004 -11"><span class='ocrx_word' id='word_1_173' title='bbox 1162 3212 1286 3265; x_wconf 69' lang='lat' dir='ltr'><strong>(Theognis,</strong></span> <span class='ocrx_word' id='word_1_174' title='bbox 1302 3214 1339 3254; x_wconf 70' lang='lat'>1⁸³</span> <span class='ocrx_word' id='word_1_175' title='bbox 1345 3212 1402 3262; x_wconf 72' lang='lat' dir='ltr'><strong>sqq.)</strong></span> 
     </span>
     <span class='ocr_line' id='line_1_28' title="bbox 204 3265 523 3345; baseline -0.009 -19"><span class='ocrx_word' id='word_1_176' title='bbox 204 3315 211 3326; x_wconf 95' lang='lat'>.</span> <span class='ocrx_word' id='word_1_177' title='bbox 239 3315 246 3327; x_wconf 95' lang='lat'>.</span> <span class='ocrx_word' id='word_1_178' title='bbox 270 3311 278 3326; x_wconf 89' lang='lat'><strong><em>.</em></strong></span> <span class='ocrx_word' id='word_1_179' title='bbox 302 3265 393 3325; x_wconf 84' lang='grc' dir='ltr'>κόδιον</span> <span class='ocrx_word' id='word_1_180' title='bbox 416 3265 523 3345; x_wconf 84' lang='grc' dir='ltr'>βροτοῖς</span> 
     </span>
    </p>
   </div>
   <div class='ocr_carea' id='block_1_11' title="bbox 201 3369 817 3450">
    <p class='ocr_par' dir='ltr' id='par_1_15' title="bbox 201 3369 817 3450">
     <span class='ocr_line' id='line_1_29' title="bbox 201 3369 817 3450; baseline 0 -20"><span class='ocrx_word' id='word_1_181' title='bbox 201 3372 308 3446; x_wconf 84' lang='grc' dir='ltr'>πένητα</span> <span class='ocrx_word' id='word_1_182' title='bbox 329 3372 448 3450; x_wconf 80' lang='grc' dir='ltr'>χρηστόν</span> <span class='ocrx_word' id='word_1_183' title='bbox 470 3374 489 3445; x_wconf 77' lang='grc' dir='ltr'>ἢ</span> <span class='ocrx_word' id='word_1_184' title='bbox 511 3372 597 3430; x_wconf 82' lang='grc' dir='ltr'>κακόν</span> <span class='ocrx_word' id='word_1_185' title='bbox 620 3369 666 3430; x_wconf 89' lang='grc' dir='ltr'>καὶ</span> <span class='ocrx_word' id='word_1_186' title='bbox 688 3371 817 3432; x_wconf 77' lang='grc' dir='ltr'>πλούσιον</span> 
     </span>
    </p>
   </div>
   <div class='ocr_carea' id='block_1_12' title="bbox 202 3473 1402 3612">
    <p class='ocr_par' dir='ltr' id='par_1_16' title="bbox 202 3473 1402 3612">
     <span class='ocr_line' id='line_1_30' title="bbox 202 3473 667 3555; baseline 0.006 -21"><span class='ocrx_word' id='word_1_187' title='bbox 202 3474 329 3555; x_wconf 81' lang='grc' dir='ltr'>γαμβρόν</span> <span class='ocrx_word' id='word_1_188' title='bbox 351 3475 488 3534; x_wconf 83' lang='grc' dir='ltr'>πεπᾶσθαι</span> <span class='ocrx_word' id='word_1_189' title='bbox 509 3473 556 3534; x_wconf 88' lang='grc' dir='ltr'>καὶ</span> <span class='ocrx_word' id='word_1_190' title='bbox 578 3475 667 3554; x_wconf 85' lang='grc' dir='ltr'>ριλον.</span> 
     </span>
     <span class='ocr_line' id='line_1_31' title="bbox 1134 3561 1402 3612; baseline -0.007 -10"><span class='ocrx_word' id='word_1_191' title='bbox 1134 3563 1167 3612; x_wconf 79' lang='grc' dir='ltr'>(Ε.</span> <span class='ocrx_word' id='word_1_192' title='bbox 1183 3561 1284 3603; x_wconf 77' lang='lat' dir='ltr'>Androm.</span> <span class='ocrx_word' id='word_1_193' title='bbox 1300 3561 1402 3612; x_wconf 71' lang='lat' dir='ltr'>uosqq.)</span> 
     </span>
    </p>
   </div>
   <div class='ocr_carea' id='block_1_13' title="bbox 202 3633 1402 4286">
    <p class='ocr_par' dir='ltr' id='par_1_17' title="bbox 202 3633 1402 4286">
     <span class='ocr_line' id='line_1_32' title="bbox 204 3633 820 3713; baseline 0 -21"><span class='ocrx_word' id='word_1_194' title='bbox 204 3633 362 3713; x_wconf 79' lang='grc' dir='ltr'>Μακάριος,</span> <span class='ocrx_word' id='word_1_195' title='bbox 387 3634 459 3704; x_wconf 82' lang='grc' dir='ltr'>ὅστις</span> <span class='ocrx_word' id='word_1_196' title='bbox 482 3634 588 3710; x_wconf 79' lang='grc' dir='ltr'>εὐτυχεῖ</span> <span class='ocrx_word' id='word_1_197' title='bbox 609 3635 700 3712; x_wconf 87' lang='grc' dir='ltr'>γάμον</span> <span class='ocrx_word' id='word_1_198' title='bbox 722 3633 820 3707; x_wconf 85' lang='grc' dir='ltr'>λαβὼν</span> 
     </span>
     <span class='ocr_line' id='line_1_33' title="bbox 204 3734 869 3816; baseline 0.002 -20"><span class='ocrx_word' id='word_1_199' title='bbox 204 3737 309 3814; x_wconf 81' lang='grc' dir='ltr'>ἐσθλῆς</span> <span class='ocrx_word' id='word_1_200' title='bbox 331 3738 469 3816; x_wconf 81' lang='grc' dir='ltr'>γυναικός,</span> <span class='ocrx_word' id='word_1_201' title='bbox 493 3738 600 3816; x_wconf 75' lang='grc' dir='ltr'>εθτυχεῖ</span> <span class='ocrx_word' id='word_1_202' title='bbox 622 3737 676 3797; x_wconf 83' lang='grc' dir='ltr'>δ’ὁ</span> <span class='ocrx_word' id='word_1_203' title='bbox 700 3738 738 3813; x_wconf 83' lang='grc' dir='ltr'>μὴ</span> <span class='ocrx_word' id='word_1_204' title='bbox 762 3734 869 3814; x_wconf 81' lang='grc' dir='ltr'>λαβών.</span> 
     </span>
     <span class='ocr_line' id='line_1_34' title="bbox 1165 3821 1402 3876; baseline 0 -12"><span class='ocrx_word' id='word_1_205' title='bbox 1165 3824 1198 3876; x_wconf 80' lang='grc' dir='ltr'>(Ε.</span> <span class='ocrx_word' id='word_1_206' title='bbox 1214 3823 1249 3864; x_wconf 80' lang='lat' dir='ltr'>Fr.</span> <span class='ocrx_word' id='word_1_207' title='bbox 1264 3821 1341 3864; x_wconf 80' lang='lat' dir='ltr'><strong>ineert.</strong></span> <span class='ocrx_word' id='word_1_208' title='bbox 1358 3825 1402 3874; x_wconf 72' lang='lat'>29.)</span> 
     </span>
     <span class='ocr_line' id='line_1_35' title="bbox 203 3891 858 3975; baseline -0.002 -20"><span class='ocrx_word' id='word_1_209' title='bbox 203 3895 329 3974; x_wconf 89' lang='grc' dir='ltr'>Μεγάλη</span> <span class='ocrx_word' id='word_1_210' title='bbox 351 3891 474 3974; x_wconf 80' lang='grc' dir='ltr'>τυραννὶς</span> <span class='ocrx_word' id='word_1_211' title='bbox 496 3893 574 3975; x_wconf 77' lang='grc' dir='ltr'>ἀνδρὶ</span> <span class='ocrx_word' id='word_1_212' title='bbox 595 3897 678 3954; x_wconf 87' lang='grc' dir='ltr'>τέκνα</span> <span class='ocrx_word' id='word_1_213' title='bbox 699 3894 746 3954; x_wconf 89' lang='grc' dir='ltr'>καὶ</span> <span class='ocrx_word' id='word_1_214' title='bbox 769 3898 858 3974; x_wconf 79' lang='grc' dir='ltr'>γυνή·</span> 
     </span>
     <span class='ocr_line' id='line_1_36' title="bbox 202 3993 794 4078; baseline 0 -20"><span class='ocrx_word' id='word_1_215' title='bbox 202 3998 264 4073; x_wconf 89' lang='grc' dir='ltr'>ἴσην</span> <span class='ocrx_word' id='word_1_216' title='bbox 286 3997 341 4078; x_wconf 80' lang='grc' dir='ltr'>γάρ</span> <span class='ocrx_word' id='word_1_217' title='bbox 364 3996 441 4078; x_wconf 83' lang='grc' dir='ltr'>ἀνδρὶ</span> <span class='ocrx_word' id='word_1_218' title='bbox 464 3995 601 4078; x_wconf 77' lang='grc' dir='ltr'>συμιροράν</span> <span class='ocrx_word' id='word_1_219' title='bbox 624 3993 692 4059; x_wconf 78' lang='grc' dir='ltr'>εἶναι</span> <span class='ocrx_word' id='word_1_220' title='bbox 715 4000 794 4077; x_wconf 93' lang='grc' dir='ltr'>λε’γω</span> 
     </span>
     <span class='ocr_line' id='line_1_37' title="bbox 203 4102 943 4184; baseline -0.001 -21"><span class='ocrx_word' id='word_1_221' title='bbox 203 4106 307 4163; x_wconf 86' lang='grc' dir='ltr'>τέκνων</span> <span class='ocrx_word' id='word_1_222' title='bbox 330 4103 355 4161; x_wconf 88' lang='grc' dir='ltr'>θ’</span> <span class='ocrx_word' id='word_1_223' title='bbox 372 4103 502 4183; x_wconf 83' lang='grc' dir='ltr'>ἁμαρτεῖν</span> <span class='ocrx_word' id='word_1_224' title='bbox 525 4102 572 4163; x_wconf 83' lang='grc' dir='ltr'>καῖ</span> <span class='ocrx_word' id='word_1_225' title='bbox 594 4105 700 4183; x_wconf 89' lang='grc' dir='ltr'>πάτρας</span> <span class='ocrx_word' id='word_1_226' title='bbox 723 4102 770 4164; x_wconf 86' lang='grc' dir='ltr'>καῖ</span> <span class='ocrx_word' id='word_1_227' title='bbox 791 4107 943 4184; x_wconf 84' lang='grc' dir='ltr'>χρημάτων</span> 
     </span>
     <span class='ocr_line' id='line_1_38' title="bbox 204 4207 928 4286; baseline 0 -18"><span class='ocrx_word' id='word_1_228' title='bbox 204 4209 311 4286; x_wconf 82' lang='grc' dir='ltr'>ἀλόχου</span> <span class='ocrx_word' id='word_1_229' title='bbox 334 4229 364 4266; x_wconf 90' lang='grc' dir='ltr'>τε</span> <span class='ocrx_word' id='word_1_230' title='bbox 386 4207 503 4283; x_wconf 78' lang='grc' dir='ltr'>κεδνῆς·</span> <span class='ocrx_word' id='word_1_231' title='bbox 527 4209 566 4278; x_wconf 88' lang='grc' dir='ltr'>ῶς</span> <span class='ocrx_word' id='word_1_232' title='bbox 589 4209 679 4282; x_wconf 89' lang='grc' dir='ltr'>μόνων</span> <span class='ocrx_word' id='word_1_233' title='bbox 701 4213 754 4267; x_wconf 91' lang='grc' dir='ltr'>τῶν</span> <span class='ocrx_word' id='word_1_234' title='bbox 776 4211 928 4286; x_wconf 83' lang='grc' dir='ltr'>χρημάτων</span> 
     </span>
    </p>
   </div>
   <div class='ocr_carea' id='block_1_14' title="bbox 203 4310 1402 4452">
    <p class='ocr_par' dir='ltr' id='par_1_18' title="bbox 203 4310 1402 4452">
     <span class='ocr_line' id='line_1_39' title="bbox 203 4310 866 4396; baseline 0.005 -25"><span class='ocrx_word' id='word_1_235' title='bbox 203 4311 222 4391; x_wconf 79' lang='grc' dir='ltr'>ἢ</span> <span class='ocrx_word' id='word_1_236' title='bbox 245 4315 370 4394; x_wconf 86' lang='grc' dir='ltr'>κρεῖσσόν</span> <span class='ocrx_word' id='word_1_237' title='bbox 394 4313 453 4372; x_wconf 86' lang='grc' dir='ltr'>ἐστι·</span> <span class='ocrx_word' id='word_1_238' title='bbox 471 4310 574 4394; x_wconf 81' lang='grc' dir='ltr'>τάνδρὶ,</span> <span class='ocrx_word' id='word_1_239' title='bbox 598 4314 711 4394; x_wconf 71' lang='grc' dir='ltr'>σώφρον’</span> <span class='ocrx_word' id='word_1_240' title='bbox 725 4317 757 4372; x_wconf 84' lang='grc' dir='ltr'>άν</span> <span class='ocrx_word' id='word_1_241' title='bbox 780 4314 866 4396; x_wconf 81' lang='grc' dir='ltr'>λάβῃ.</span> 
     </span>
     <span class='ocr_line' id='line_1_40' title="bbox 1155 4399 1402 4452; baseline 0.008 -12"><span class='ocrx_word' id='word_1_242' title='bbox 1155 4399 1187 4450; x_wconf 78' lang='lat' dir='ltr'>(E.</span> <span class='ocrx_word' id='word_1_243' title='bbox 1204 4399 1239 4440; x_wconf 81' lang='lat' dir='ltr'>Fr.</span> <span class='ocrx_word' id='word_1_244' title='bbox 1256 4399 1330 4450; x_wconf 74' lang='lat' dir='ltr'><strong>Oedip.</strong></span> <span class='ocrx_word' id='word_1_245' title='bbox 1344 4399 1402 4452; x_wconf 80' lang='lat' dir='ltr'><strong>vn.)</strong></span> 
     </span>
    </p>
   </div>
   <div class='ocr_carea' id='block_1_15' title="bbox 204 4462 1401 4608">
    <p class='ocr_par' dir='ltr' id='par_1_19' title="bbox 204 4462 1401 4608">
     <span class='ocr_line' id='line_1_41' title="bbox 204 4462 828 4552; baseline 0.003 -22"><span class='ocrx_word' id='word_1_246' title='bbox 204 4472 355 4548; x_wconf 85' lang='grc' dir='ltr'>Μηδέπστε</span> <span class='ocrx_word' id='word_1_247' title='bbox 378 4472 458 4552; x_wconf 81' lang='grc' dir='ltr'>γῆμη</span> <span class='ocrx_word' id='word_1_248' title='bbox 482 4470 554 4546; x_wconf 85' lang='grc' dir='ltr'>μηδὲ</span> <span class='ocrx_word' id='word_1_249' title='bbox 577 4462 617 4542; x_wconf 82' lang='grc' dir='ltr'>εἷς</span> <span class='ocrx_word' id='word_1_250' title='bbox 641 4468 733 4542; x_wconf 81' lang='grc' dir='ltr'>εὔνους</span> <span class='ocrx_word' id='word_1_251' title='bbox 757 4469 828 4547; x_wconf 88' lang='grc' dir='ltr'>ἐμσῖ.</span> 
     </span>
     <span class='ocr_line' id='line_1_42' title="bbox 915 4555 1401 4608; baseline 0.006 -12"><span class='ocrx_word' id='word_1_252' title='bbox 915 4556 983 4606; x_wconf 76' lang='lat' dir='ltr'><strong>(Men.</strong></span> <span class='ocrx_word' id='word_1_253' title='bbox 1000 4557 1091 4598; x_wconf 73' lang='lat' dir='ltr'><strong>Monost.</strong></span> <span class='ocrx_word' id='word_1_254' title='bbox 1106 4555 1213 4605; x_wconf 74' lang='lat' dir='ltr'>Meineke.</span> <span class='ocrx_word' id='word_1_255' title='bbox 1228 4569 1249 4598; x_wconf 90' lang='lat' dir='ltr'>v.</span> <span class='ocrx_word' id='word_1_256' title='bbox 1260 4557 1295 4608; x_wconf 81' lang='lat' dir='ltr'>lv,</span> <span class='ocrx_word' id='word_1_257' title='bbox 1310 4569 1331 4608; x_wconf 80' lang='lat' dir='ltr'>p.</span> <span class='ocrx_word' id='word_1_258' title='bbox 1345 4557 1401 4608; x_wconf 76' lang='lat'>³59.)</span> 
     </span>
    </p>
   </div>
   <div class='ocr_carea' id='block_1_16' title="bbox 204 4623 914 4710">
    <p class='ocr_par' dir='ltr' id='par_1_20' title="bbox 204 4623 914 4710">
     <span class='ocr_line' id='line_1_43' title="bbox 204 4623 914 4710; baseline -0.003 -22"><span class='ocrx_word' id='word_1_259' title='bbox 204 4629 253 4702; x_wconf 80' lang='grc' dir='ltr'>Μὴ</span> <span class='ocrx_word' id='word_1_260' title='bbox 275 4632 321 4688; x_wconf 87' lang='grc' dir='ltr'>νῦν</span> <span class='ocrx_word' id='word_1_261' title='bbox 344 4627 415 4710; x_wconf 82' lang='grc' dir='ltr'>ποτ’,</span> <span class='ocrx_word' id='word_1_262' title='bbox 439 4623 462 4686; x_wconf 82' lang='grc' dir='ltr'><em>ὦ</em></span> <span class='ocrx_word' id='word_1_263' title='bbox 484 4630 543 4708; x_wconf 91' lang='grc' dir='ltr'>παῖ,</span> <span class='ocrx_word' id='word_1_264' title='bbox 566 4626 615 4700; x_wconf 89' lang='grc' dir='ltr'>τάς</span> <span class='ocrx_word' id='word_1_265' title='bbox 637 4629 736 4707; x_wconf 77' lang='grc' dir='ltr'>φρένας</span> <span class='ocrx_word' id='word_1_266' title='bbox 759 4629 800 4706; x_wconf 73' lang='grc' dir='ltr'>ὑφ’</span> <span class='ocrx_word' id='word_1_267' title='bbox 812 4629 914 4704; x_wconf 82' lang='grc' dir='ltr'>ἡδονῆς</span> 
     </span>
    </p>
   </div>
   <div class='ocr_carea' id='block_1_17' title="bbox 204 4731 757 4815">
    <p class='ocr_par' dir='ltr' id='par_1_21' title="bbox 204 4731 757 4815">
     <span class='ocr_line' id='line_1_44' title="bbox 204 4731 757 4815; baseline 0 -24"><span class='ocrx_word' id='word_1_268' title='bbox 204 4734 333 4812; x_wconf 82' lang='grc' dir='ltr'>γυναικός</span> <span class='ocrx_word' id='word_1_269' title='bbox 357 4732 439 4791; x_wconf 78' lang='grc' dir='ltr'>εἵνεκ’</span> <span class='ocrx_word' id='word_1_270' title='bbox 454 4731 588 4815; x_wconf 80' lang='grc' dir='ltr'>ἐκβάλῃς,</span> <span class='ocrx_word' id='word_1_271' title='bbox 612 4731 695 4804; x_wconf 88' lang='grc' dir='ltr'>εἰδὼς</span> <span class='ocrx_word' id='word_1_272' title='bbox 718 4733 757 4792; x_wconf 86' lang='grc' dir='ltr'>ότι</span> 
     </span>
    </p>
   </div>
   <div class='ocr_carea' id='block_1_18' title="bbox 0 0 1771 5500">
    <p class='ocr_par' dir='ltr' id='par_1_22' title="bbox 0 0 1771 5500">
     <span class='ocr_line' id='line_1_45' title="bbox 0 0 1771 5500; baseline 0 0"><span class='ocrx_word' id='word_1_273' title='bbox 0 0 1771 5500; x_wconf 95' lang='lat' dir='ltr'> </span> 
     </span>
    </p>
   </div>
  </div>
 </body>
</html>
