3532 5500
697 543 934 608 -271-

206 735 252 794 Τδι
276 736 327 811 μέν
349 735 462 796 άιιοόσια
483 741 537 795 τῶν
549 737 753 818 ἁμαρτημάτων
774 738 833 816 ἔχει
855 739 1028 819 συγγνώμην,
1045 738 1079 797 τδι
1095 737 1126 798 δὲ
1142 739 1251 799 ἑκούσια
1266 741 1315 800 οὺιι
1331 740 1400 821 ἔχει,

206 839 239 898 τδ
262 839 313 915 μέν
335 841 389 920 γὰρ
411 841 535 902 ἀκούσιον
558 844 708 922 ἁμάρτημα
729 848 778 918 τῆς
801 843 895 922 τύχης,
918 843 949 902 τδ
973 841 1004 902 δὲ
1028 843 1149 904 έιιοθσιον
1171 850 1221 920 τῆς
1243 847 1366 924 γνώμης.

1264 945 1402 998 (Antiphon.)

206 1033 250 1092 Το
272 1033 437 1113 ἁμαρτάνειν
460 1034 564 1110 αθτοθς,
588 1033 745 1113 ἀνθρώπους
767 1034 856 1116 ὄντας,
880 1035 958 1096 οὐδὲν
981 1036 1168 1162 θαυμαστόν.Ο
1282 1119 1336 1161 bv
1394 1121 1402 1172 )

1075 1120 1137 1172 (Xon.
1168 1131 1228 1172 μορ,
1244 1121 1303 1162 Sto.
1338 1123 1391 1168 ,θλ

346 1299 511 1370 Pecunia
533 1301 585 1388 (cf.
609 1303 738 1388 Aurum,
762 1303 909 1388 Divitiae,
932 1305 1077 1388 Lucrum,
1102 1304 1265 1391 Avaritia).

208 1468 357 1529 Ἀπόλοιτο
377 1475 484 1551 πρῶτος
507 1471 587 1544 αθτδς

208 1575 225 1632 ό
247 1575 293 1634 τὀν
317 1574 434 1656 ἄργυρον
456 1577 591 1655 φιλήσας·

210 1678 256 1737 διὰ
277 1682 370 1739 τοῦτον
392 1681 442 1740 οδιι
464 1681 594 1761 ἀδελφός,

209 1781 258 1841 διὰ
278 1787 370 1843 τοῦτον
393 1786 423 1843 οδ
444 1791 560 1861 τοκῆες·

208 1887 339 1968 πόλεμοι,
362 1891 436 1967 φόνοι
460 1889 495 1949 δι’
509 1890 597 1950 αθτόν.

210 2057 272 2142 Ἀφ’
285 2062 339 2122 ἔστι
361 2063 449 2143 λῆρος
469 2067 557 2124 πάντα
578 2065 647 2146 πρδς
670 2067 700 2125 τὀ
723 2064 842 2146 χρυσίον,

211 2167 295 2242 μόνου
317 2168 372 2249 γὰρ
395 2169 475 2228 αθτοῠ
497 2169 636 2244 διαμένειν
660 2169 733 2229 εἴωθ’
748 2169 793 2229 ἀεὶ

209 2273 242 2330 τό
263 2277 365 2350 χρῶμα
386 2275 476 2333 ταδτό·
498 2282 551 2334 τῶν
573 2273 659 2354 φιλων
682 2274 713 2334 δὲ
735 2275 797 2346 τοὺς
819 2277 934 2355 τρόπους

211 2373 337 2436 οὐδέποθ’
350 2373 452 2452 δμοίως
475 2380 658 2460 ζωγραφοῦσιν
680 2378 707 2437 αἱ
730 2379 819 2456 τύχαι.
847 2425 853 2436 .

954 2462 1080 2514 (Antipha.
1096 2461 1202 2512 Mainake,
1217 2475 1237 2504 ν.
1256 2463 1330 2515 1Π,μ.
1348 2466 1403 2515 152.)

210 2569 262 2628 Δεῖ
284 2568 315 2628 δὲ
337 2574 497 2654 χρημάτων,
520 2569 567 2631 καὶ
590 2573 653 2630 α’νευ
675 2573 776 2631 τούτων
799 2569 879 2631 οἰιδέν
904 2571 959 2631 ἔστι
982 2572 1108 2650 γενέσθαι
1132 2571 1185 2631 τῶν
1208 2572 1336 2636 δεόντων.

1139 2674 1258 2725 (Βοωυείίι.
1274 2675 1361 2726 Olynth.
1377 2677 1406 2726 1.)

212 2768 291 2847 Ἐγὼ
314 2768 338 2828 δ’
351 2769 491 2847 ὑπέλαβον
513 2769 664 2852 χρησίμους
687 2765 756 2831 εἶναι
779 2771 858 2842 θεοὺς

211 2872 354 2953 τάργυριον
376 2875 510 2950 ἡμῖνκαὶ
533 2878 563 2935 τὀ
585 2876 694 2957 γ’ρυσίον
718 2878 808 2952 μόνον.

211 2976 392 3057 ἱδρυσάμενος
413 2981 523 3052 τούτους
544 2981 598 3062 γὰρ
622 2979 662 3051 εἰς
683 2981 732 3056 τὴν
756 2979 843 3041 οἰκίαν

214 3078 291 3152 εὖξαι
312 3081 338 3142 τί
359 3082 468 3164 βούλει;
491 3087 578 3144 πάντα
601 3105 642 3144 σοι
664 3089 824 3164 γενήσεται·

213 3184 309 3266 ἀγρός,
333 3185 420 3258 οἰκίας
442 3187 615 3268 θεράποντες,
639 3191 833 3270 ἀργυρώματα,

213 3290 297 3372 φίλοι,
321 3291 455 3373 δικασταὶ,
476 3297 629 3374 μάρτυρες·
653 3297 736 3370 μόνον
760 3295 845 3373 δίδου,

215 3394 311 3467 αὖτοὺς
333 3397 387 3477 γὰρ
410 3395 482 3470 ἕξεις
504 3399 582 3471 θεοὺς
604 3401 748 3480 ὑπηρέτας.

933 3483 999 3534 (lion.
1015 3481 1091 3524 ίυοετθ.
1107 3483 1212 3533 Mainake,
1228 3496 1248 3524 v.
1263 3483 1298 3532 lv,
1314 3497 1335 3535 p.
1351 3486 1407 3536 2³3.)

216 3549 404 3635 Ἰοχυρότερον
426 3555 509 3636 κρίνω
533 3557 562 3616 τδ
585 3557 695 3638 χρυσίον
718 3558 799 3618 πολύ.

215 3657 251 3715 τὰ
272 3663 362 3718 πάντα
382 3661 467 3740 τοὺτῳ
489 3663 616 3736 τέμνεται
639 3660 686 3721 παὶ
707 3664 852 3740 πράττεται
876 3655 1052 3746 [φράττεται].

922 3762 1013 3813 (Diphii.
1028 3762 1103 3803 incert.
1119 3761 1224 3810 Μοὶυεὶε,
1239 3775 1259 3805 ν.
1269 3761 1305 3812 IV,
1320 3775 1340 3814 p.
1351 3765 1407 3814 42³.)

215 3860 338 3931 Λευυοθς
360 3859 455 3934 λίθους
477 3862 590 3940 ἔχοντες
613 3865 739 3941 αἰνχοῦσιν
762 3865 845 3941 μέγα.

1162 3947 1195 3998 (E.
1210 3947 1245 3987 Fr.
1260 3947 1336 3989 incert.
1353 3949 1408 3998 154.)
1486 3967 1488 3972 v

216 4031 306 4092 Οὐδὲν
328 4035 382 4114 γὰρ
405 4036 581 4117 ἀνθρώποισιν
603 4029 660 4097 οἷον
683 4037 800 4118 ἄργυρος

215 4139 303 4198 mxiv
327 4141 435 4216 νόμισμ’
449 4142 581 4218 ἔβλαστε·
605 4147 682 4202 τοῦτο
704 4141 751 4202 καὶ
773 4142 870 4213 πόλεις

214 4245 325 4323 πορθεῖ·
348 4245 406 4304 τόδ’
420 4244 522 4327 ἄνδρας
546 4244 712 4324 ἐξανίστησιν
736 4247 839 4328 δόμων,

215 4349 273 4408 τόδ’
287 4348 443 4411 ἐκδιδάσκει
465 4350 512 4412 καὶ
534 4352 726 4432 παραλλάσσει
748 4355 847 4432 φρένας

215 4454 347 4533 χρηστὰς,
370 4457 437 4536 πρδς
460 4455 562 4536 αἰσχρὰ
583 4459 724 4536 πράγμαθ’
736 4457 857 4516 ἵστασθαι
880 4453 993 4536 βροτῶν.

216 4559 382 4638 πανουργίας
405 4557 430 4618 δ’
444 4556 550 4632 ἔδειξεν
573 4555 724 4642 ἀνθρώποις
747 4563 832 4641 ἔχειν,

216 4661 264 4722 ιιαὶ
286 4665 387 4733 παντός
410 4665 491 4746 ἔργον
514 4663 672 4739 δυσσέβειαν
695 4664 805 4729 εἰδέναι.

1125 4749 1156 4800 (S.
1171 4749 1286 4802 Antigone,
1301 4753 1339 4792 295
1353 4751 1410 4801 sqq.)
