3532 5500
843 555 882 564 —
930 517 1081 581 242-

364 758 372 772 .
396 757 404 770 .
430 760 436 772 .
461 709 521 787 σῦχ’
547 712 617 771 εὖσει
640 711 706 782 Δίος

363 815 513 895 δρθαλμδς,
538 816 622 894 ἐγγὺς
644 814 738 874 δ’ἐστὶ
760 815 858 894 καίπερ
882 819 920 874 ῶν
942 815 1047 896 πθββω.

1084 899 1172 950 (Incert.
1188 901 1250 942 λαοί.
1266 900 1325 941 swb.
1342 901 1415 953 Eclog.
1431 901 1449 947 1,
1465 901 1500 949 IV,
1514 897 1558 946 91.)

363 1013 402 1075 Ὃ
425 1017 480 1097 χρὴ
502 1017 631 1088 κολάζειν
654 1014 711 1102 (sc.
734 1019 782 1093 τὴν
806 1015 903 1100 Δίκην)
928 1011 1012 1096 οίδες,
1036 1017 1103 1077 ἀλλ’
1120 1019 1170 1078 οθκ
1195 1013 1271 1077 οίσθα
1294 1019 1333 1099 σθ,

363 1124 463 1180 ὁπόταν
486 1123 559 1201 ἅρνω
582 1122 706 1198 μολοῦσα
728 1123 844 1207 διολὲση
866 1123 978 1195 κακούς.

1088 1207 1121 1257 (Ε,
1136 1205 1172 1246 Fr.
1185 1206 1269 1248 Δισίιοί.
1282 1207 1363 1248 XXXIX
1379 1208 1558 1260 [Εθ.’1ἰιιείιτι,1.)

365 1336 372 1348 .
398 1335 404 1347 .
430 1333 436 1346 .
460 1287 475 1346 θ
498 1307 521 1347 ει
546 1337 552 1349 .
579 1335 585 1348 .
613 1334 619 1346 .

364 1391 455 1469 ἔχονθ’
468 1291 582 1452 ἔθαπτον
604 1397 655 1466 τῆς
677 1391 755 1468 δίκης
779 1389 887 1465 ἐπάξια.

364 1498 455 1576 μέγας
477 1496 531 1576 γὰρ
553 1491 651 1572 Ἀιδης
675 1496 745 1556 ἐστὶν
768 1497 875 1570 εὔθυνος
898 1498 1004 1578 βροτῶν

365 1602 457 1681 ἔνερθε
480 1602 590 1682 χθονδς,

363 1704 543 1786 δελτογράφῳ
566 1706 598 1766 δὲ
619 1705 695 1767 πάντ’
710 1707 810 1790 ἐπωπᾷ
832 1707 916 1788 φρενί.

1274 1793 1308 1844 (Α.
1324 1791 1438 1834 Eumenid.
1453 1795 1558 1843 272³qu

365 1872 527 1950 Παλαιγενῆ
550 1872 604 1952 γάρ
626 1873 705 1952 λέγω

363 1975 517 2055 παρβασίαν
540 1977 707 2038 ὠκύποινον·

365 2079 451 2140 αἰῶνα
473 2079 497 2139 δ’
511 2081 540 2153 ἐς
562 2083 648 2162 τρίτον
672 2085 757 2157 μένει.

1159 2167 1195 2218 (Α.
1210 2169 1268 2217 sept.
1283 2167 1356 2209 Contr.
1371 2167 1439 2210 Τίιεδ,
1455 2169 1557 2218 umq.)

366 2293 373 2306 .
398 2295 405 2308 .
431 2293 437 2306 .
460 2249 528 2328 πρδς
551 2247 577 2307 δ’
592 2241 649 2307 οίον
670 2245 747 2323 ἥξεις
770 2247 894 2324 δαίμονα,

364 2351 395 2421 δς
417 2349 477 2411 οὔτε
499 2353 659 2430 τοῖιπιεικὲς,
683 2351 743 2411 οὔτε
764 2352 813 2430 την
835 2355 916 2433 χάριν

363 2453 429 2537 ᾔδη,
453 2457 538 2532 μόνην
561 2456 586 2514 δ’
599 2457 711 2536 ἔστεργε
733 2457 782 2532 τὴν
805 2457 902 2528 ἁπλῶς
926 2456 1013 2532 δίκην.

1403 2541 1434 2590 (ε.
1451 2541 1484 2581 rr.
1500 2542 1557 2591 ιον.)

366 2666 373 2678 .
399 2669 406 2682 .
431 2667 438 2679 .
461 2620 601 2702 προσδόκα
624 2622 655 2681 δὲ
678 2622 749 2702 δρῶν
771 2628 867 2695 κακῶς

365 2727 451 2784 κακόν
473 2745 497 2784 τι
520 2723 641 2805 πράξειν.

1251 2812 1284 2864 (Ε.
1301 2811 1388 2853 Hercul.
1403 2811 1455 2851 Pur.
1469 2813 1556 2861 πίση.)

930 2915 938 2928 Ι

942 2955 951 2970 ἱ

366 2994 482 3054 δείκνυσι
505 2994 529 3053 δ’
542 2995 621 3070 ἡμῶν
644 2997 715 3068 ὅστις
738 2995 825 3072 ἔστ’ἢ
849 2999 888 3073 μὴ
911 3000 1006 3069 κακός.

367 2890 425 2964 Τήν
447 2911 487 2949 τοι
510 2889 594 2965 Δίκην
616 2891 730 2970 λέγουσι
751 2892 826 2952 παῖδ’
840 2886 908 2952 εἶναι
931 2896 1041 2973 χρόνου,

1294 3081 1328 3131 (E.
1342 3081 1378 3122 Fr.
1392 3080 1481 3130 Antion.
1495 3079 1559 3128 XVI.)

366 3161 406 3218 Τά
428 3181 468 3220 τοι
490 3162 576 3220 κακδν
597 3161 724 3234 ποδῶκες
748 3163 857 3242 ἔρχεται
881 3163 988 3242 βροτοῖς

365 3261 412 3322 καὶ
433 3263 626 3341 τάμπλάκημα
648 3265 687 3344 τῷ
708 3272 824 3346 περῶντι
845 3268 894 3342 τὴν
917 3269 1005 3343 θέμιν.
1335 3317 1338 3324 .
1549 3349 1557 3396 γ

1400 3350 1435 3401 (Α.
1451 3350 1485 3390 Fr.
1501 3351 1545 3392 σεε.

367 3429 407 3486 Το
429 3429 545 3508 χρύσεον
568 3429 598 3489 δὲ
620 3435 669 3505 τῆς
692 3429 777 3507 Δίκης

367 3534 498 3616 δέδορκεν
521 3535 607 3616 ὄμμα,
630 3537 675 3595 τὀν
698 3535 723 3595 δ’
737 3531 833 3596 άδικον
856 3536 1008 3612 ἀμείβεται.

1201 3621 1232 3671 (S.
1248 3620 1282 3661 Fr.
1298 3621 1418 3663 stob.1·'.cl.
1434 3621 1452 3668 1.
1466 3621 1501 3670 [v.
1515 3623 1558 3670 ³7.)

366 3707 405 3770 Ὦ
429 3709 494 3793 θεοὶ,
518 3709 588 3786 Δίκη
611 3731 641 3770 τε
664 3711 742 3770 πάνθ’
757 3709 948 3792 δρῶσ’,ἦλθές
970 3733 1046 3772 ποτε·
1344 3795 1372 3846 (E
1395 3795 1420 3836 Ε,
1448 3798 1481 3836 tr·
1501 3794 1555 3843 m)

1375 3825 1380 3836 .
1422 3805 1446 3836 oe
1483 3826 1488 3844 .
1539 3825 1544 3834 ·

429 3979 616 4048 Nobilitas
640 3979 692 4065 (cf.
717 3979 928 4064 GenerositaS,
952 3977 1069 4063 Genus,
1093 3977 1251 4066 Familia),
1274 3979 1500 4062 *Ignobilitaa

368 4145 448 4209 Ἀλλ’
461 4147 536 4228 είπερ
559 4144 586 4206 εί
607 4151 741 4228 γενναῖος,
765 4149 804 4220 ὡς
823 4149 903 4218 αἰιτδς
925 4149 1031 4227 λέγεις,

368 4253 488 4332 σήμαιν’,
512 4253 574 4312 ὅτου
596 4250 619 4311 τ’
633 4247 659 4312 εί
680 4253 827 4330 χὼπόθεν·
852 4255 883 4312 τδ
905 4253 959 4334 γὰρ
982 4252 1079 4324 καλῶς

367 4358 485 4436 περυκδς
507 4354 596 4428 οθδείς
619 4359 651 4415 ἂν
675 4359 795 4432 μιάνειεν
817 4357 914 4436 λόγος.

367 4531 449 4592 Ἀλλ’
462 4530 584 4611 εθγενεῖς
606 4533 671 4609 με’ν,
696 4529 725 4589 ἐν
748 4529 779 4590 δὲ
802 4529 929 4610 κιβδήλῳ
951 4529 1025 4592 τάδε.

368 4635 469 4696 πολλοὶ
491 4637 545 4716 γὰρ
568 4636 645 4707 ὄντες
668 4637 789 4714 εὐγενεῖς
812 4633 879 4696 εἰσιν
900 4634 992 4698 κακοί.

1314 4720 1348 4770 (Ε.
1363 4721 1457 4767 Electa.
1472 4721 1554 4770 Δάοις.)
