3478 5490
860 512 1093 576 -106—

386 702 423 763 Ὠ
447 703 493 763 καὶ
515 706 584 764 θεῶν
608 709 742 782 κρατοῦσα
764 702 810 764 καὶ
833 707 936 781 θνητῶν
959 707 1028 782 μόνη

384 809 485 888 Μοῖρα,
508 807 596 878 λιταῖς
619 809 721 888 ἅτρωτε
745 807 880 884 δυστήνων
903 807 1016 889 βροτῶν,

385 916 438 970 πᾶν
460 909 542 986 τλῆμ’
556 912 678 990 ἀνάγκης
701 913 812 990 στυγνύν
834 913 851 986 ἢ
875 911 936 971 κατ’
950 913 1072 990 αὐχένων

384 1015 462 1088 ἡμῶν
486 1014 599 1096 ἐρείδεις
621 1021 670 1091 τῆς
692 1037 722 1075 τε
744 1013 874 1094 λατρείας
897 1017 985 1095 ζυγὸν.

1194 1098 1319 1150 (Moschion.
1334 1099 1393 1141 stab.
1408 1100 1454 1141 Εσί.
1471 1099 1488 1146 ί,
1502 1099 1527 1148 V,
1541 1101 1565 1150 1.)

382 1165 420 1230 Ὤ
443 1174 535 1252 μοῖρα,
558 1171 663 1232 κεδνῶν
686 1170 733 1232 καὶ
755 1177 848 1232 κακῶν
870 1173 1005 1251 κυνηγέτι.

1313 1256 1383 1306 (εον.
1398 1256 1442 1298 μοι.
1458 1256 1475 1304 ι,
1489 1255 1523 1303 νι,
1536 1257 1563 1305 ν.)

581 1359 759 1428 Felicitas
785 1361 838 1446 (οί.
861 1359 995 1444 Miseria,
1019 1361 1101 1444 Sors,
1125 1361 1266 1444 Mutatio,
1289 1361 1383 1445 vita).

384 1551 390 1564 .
421 1549 428 1564 .
454 1547 460 1560 .
485 1502 571 1582 ἄνδρα
592 1503 646 1582 γὰρ
668 1503 764 1574 καλῶς

382 1607 531 1687 πράσσοντ’
541 1603 649 1686 ἀνάγκη
672 1601 777 1686 χρηστὰ
799 1605 950 1687 κερδαίνειν
973 1607 1034 1682 ἔπη.

1351 1691 1381 1742 (S.
1396 1690 1471 1730 Τιιοίι.
1484 1693 1520 1730 2³0
1527 1689 1565 1740 ιο.)

388 1762 543 1844 Ἄνθρωπος
565 1767 602 1823 ῶν
626 1763 771 1834 ἔπταικας·
797 1764 825 1822 ἐν
849 1763 880 1822 δὲ
902 1761 940 1842 τῷ
964 1763 1014 1842 βίῳ

387 1869 468 1949 τέρας
491 1865 571 1948 ἐστὶν,
595 1867 681 1941 εἴτις
703 1866 840 1946 ηὐτύχηκε
864 1866 908 1926 διὰ
931 1867 998 1942 βίον.

1178 1951 1247 2003 (Bato.
1262 1949 1379 1997 Heineeke,
1394 1961 1414 1990 v.
1430 1948 1466 1998 IV,
1481 1960 1501 2000 p.
1515 1949 1564 1998 489.)

383 2073 390 2085 .
420 2071 427 2084 .
454 2074 461 2087 .
487 2025 589 2106 βροτῶν

389 2129 486 2188 οὐδένα
509 2129 658 2209 μακαρίζω,

390 2235 462 2306 ὅστις
483 2234 545 2293 καθ’
562 2233 717 2314 ὐτερβολὰν

388 2333 516 2409 τοξεύσας
540 2337 675 2418 ἐκράτησε
696 2342 742 2398 τοῦ

312 2495 314 2502 ,
386 2441 464 2500 πάντ’
474 2440 632 2516 εὐδαίμονος
655 2442 747 2516 ὄλβου.

1282 2524 1312 2572 (S.
1329 2522 1402 2574 Οσθὶρ.
1417 2523 1442 2564 R.
1458 2523 1564 2574 Ιιθθσοα)

387 2577 420 2639 Εἰ
444 2580 468 2640 δ’
481 2581 598 2658 εὐτυχῶν
621 2601 661 2652 τις
682 2579 729 2639 καὶ
752 2579 809 2656 βίον
831 2581 1000 2655 κεκτημένος

387 2684 473 2759 μηδὲν
497 2684 602 2759 δόμοισι
623 2689 676 2744 τῶν
697 2685 791 2744 καλῶν
813 2686 988 2765 πειράσεται·

388 2789 444 2868 ἐγὼ
468 2789 518 2862 μὲν
541 2787 631 2848 οὔποτ’
644 2787 722 2848 αὐτδν
746 2789 839 2864 ὄλβιον
861 2789 952 2866 καλῶ,

387 2891 495 2971 ρύλακα
518 2891 549 2951 δὲ
572 2892 681 2968 μᾶλλον
703 2894 852 2972 χρημάτων
877 2891 1033 2966 εὐδαίμονα.

1267 2975 1300 3026 (Β.
1315 2974 1350 3016 rr.
1366 2973 1467 3026 Antiope,
1478 2973 1561 3023 xxxn.)

385 3047 418 3109 Εἰ
441 3047 464 3110 δ’
478 3047 507 3109 εὐ
529 3049 556 3127 γ’
568 3045 682 3129 ἔπραξα,
705 3049 783 3128 κάρτ’
796 3052 830 3108 ἂν
853 3049 882 3108 ἐν
905 3051 1018 3128 τοροῖσιν
1041 3045 1085 3123 ἦν.
1416 3130 1435 3171 Η
1554 3129 1560 3179 1

1366 3131 1400 3182 (Ε.
1437 3130 1498 3182 ίμμσί.
1513 3132 1551 3172 m

385 3251 392 3266 .
421 3251 428 3266 .
453 3251 460 3266 .
485 3206 514 3265 ἐν
537 3205 624 3284 ὐλβίῳ
644 3203 727 3278 ὄλβια
747 3207 844 3264 πάντα.

1259 3287 1378 3340 (Τίιεοοιίί.
1393 3286 1429 3328 XV
1443 3286 1509 3338 mvl„
1522 3285 1559 3336 u.)

384 3361 485 3422 *-*,
512 3410 518 3424 ,
544 3409 550 3422 .
575 3361 745 3437 ἑλισσόμεσθ’
759 3361 863 3421 ἐκεῖθεν

388 3467 486 3526 ἐνθάδε
510 3465 684 3544 δυστυχίαισιν

389 3570 521 3650 εὐωχίαις
543 3591 573 3630 τε
594 3570 688 3652 πσίλιν,

383 3673 543 3750 μεθίσταται
567 3673 599 3734 δὲ
621 3675 769 3750 πνεύματα.

1348 3758 1381 3808 (Ε.
1396 3758 1442 3806 lon.
1457 3761 1505 3800 150¹
1512 3755 1562 3806 sqq.)

388 3877 395 3892 .
422 3881 427 3894 .
453 3877 459 3892 .
485 3828 528 3890 ἐπὶ
549 3831 595 3890 τὀν
619 3829 715 3908 εὐτυχῆ

386 3935 490 4011 πηδῶσ’
504 3932 547 3994 ἀεὶ
568 3937 695 4013 κήρυκες.
1352 4017 1379 4068 OE
1401 4017 1464 4060 orest
1484 4013 1563 4065 m)

389 4091 482 4152 Ἔστιν
505 4089 529 4150 δ’
542 4092 570 4151 ὲν
594 4090 670 4170 θλβῳ
693 4089 739 4150 καὶ
760 4090 817 4150 τόδ’
830 4090 879 4150 οὐκ
901 4090 987 4170 ὀρθῶς
1011 4091 1086 4169 ἔχον,

387 4195 517 4273 εὐψυχίας
540 4196 659 4270 δόθθσῑς·
1347 4277 1373 4328 (ιι
1395 4277 1494 4320 nenena
1516 4277 1565 4324 us)

383 4353 514 4430 Εὐτυχεῖν
541 4350 676 4410 ἐπίστασο.

1406 4435 1441 4485 (Ε.
1455 4435 1500 4480 lon,
1513 4431 1563 4480 ⁶50.)

383 4525 509 4604 Εὐινχὴς
531 4527 546 4584 θ
569 4523 613 4585 ἐπὶ
645 4524 788 4605 μετρίοισιν
810 4527 946 4604 χρήμασιν
970 4528 1176 4604 εὐθυμεὲμενος,
1208 4525 1340 4604 δυστυχὴς
1369 4525 1425 4584 δ’ὁ
1447 4523 1563 4585 πολλοῖσι

387 4631 612 4706 δυσθυμεομῑθς·
1249 4713 1373 4764 (σῶμα.
1388 4713 1448 4754 ενοι.
1463 4711 1514 4761 σιιι,
1527 4708 1563 4758 ιι)
