3516 5500
708 543 943 607 -361-

233 737 267 796 ‘0
291 738 393 810 κόσμος
416 737 513 816 σκηνὴ,
537 739 551 795 6
575 736 633 812 βίος
655 735 791 816 πάροδος·
817 733 911 814 ἦλθες,
934 735 1003 814 ἴδες,
1027 736 1118 812 άπήλθ
1137 759 1161 808 ς.

230 839 265 899 ‘0
288 841 392 915 κόσμος
414 839 578 912 ἀλλοίωσις·
603 841 618 900 6
641 839 700 915 βίος
722 841 867 918 ὑπόληψις.

1083 924 1189 974 (Democr.
1204 925 1264 966 ὅσοι.
1281 925 1330 966 λιιι.
1346 925 1421 974 δέος.)

229 997 321 1069 Ὅστις
343 998 397 1080 γὰρ
421 997 450 1058 ἐν
472 1001 594 1058 κακοῖσιν
617 997 715 1078 ίμείρει
739 998 806 1078 βίου,

231 1105 249 1176 ἢ
273 1101 366 1175 δειλὸς
389 1103 469 1183 ἐστιν,
491 1106 509 1178 ἢ
534 1101 706 1182 θυσάλγητος
728 1104 836 1183 φρένας.

230 1253 327 1330 Ὅστις
348 1262 394 1319 τοῦ
415 1260 535 1332 πλέονος
558 1260 657 1338 μέρους

230 1363 326 1444 χρῄζει
348 1365 394 1423 τοῦ
417 1363 525 1444 μετρίου
546 1362 643 1441 παρεὶς

232 1469 319 1547 ζώειν,
343 1468 502 1527 σκαισσίιναν
525 1469 668 1546 φυλάσσων

232 1571 261 1630 ἑν
284 1571 345 1648 ἐμοὶ
368 1572 526 1648 κατάδηλος
550 1573 633 1636 ἔσται.

233 1675 292 1736 ἐπεὶ
315 1676 411 1737 πολλὰ
434 1677 484 1752 μὲν
507 1677 536 1737 αί
559 1675 662 1757 μακραί

232 1781 332 1858 ἁμέραι
355 1782 500 1842 κατέθεντο
524 1780 558 1858 δὴ

231 1884 319 1957 λθποις
343 1886 492 1966 ἐγγυτέρω,
514 1882 549 1945 τά
570 1888 633 1966 τέρ-

230 2011 316 2050 ποντα
339 1989 363 2048 θ’
380 1991 429 2050 οὒκ
451 1990 484 2048 ἂν
505 1989 573 2060 ἴδοις
596 1991 671 2065 ὅπου,

232 2096 295 2154 ὅταν
317 2115 356 2165 τις
380 2095 410 2167 ἐς
431 2094 517 2155 πλέον
539 2096 610 2176 πέσῃ

232 2201 279 2258 τοῦ
301 2199 446 2269 θέλοντος·
470 2199 485 2257 6
509 2197 533 2258 θ’
546 2199 685 2278 ἐπίκουρος
709 2198 878 2272 ίσοτέλεστος

232 2301 324 2375 ’Άίθος
347 2305 392 2363 ὅτε
415 2305 497 2383 Μοῖρ’
510 2303 669 2380 ἀνυμέναιος

233 2408 331 2488 άλυρος
353 2403 456 2488 ἄχορος
479 2410 643 2488 ἀναπέφηνε,

234 2513 349 2585 θάνατος
373 2513 402 2585 ἐς
423 2513 562 2576 τελευτάν.

1135 2599 1165 2650 (S.
1181 2599 1232 2640 006.
1247 2599 1292 2639 Col.
1309 2599 1423 2649 mnsqq.)

902 2705 924 2726 Ν

234 2705 267 2763 Ὁ
290 2705 359 2786 τύχῃ
383 2703 441 2778 βίος
457 2705 702 2786 συμπεπλεγμένος
723 2707 796 2764 ἔοικε
810 2709 954 2786 χειμάρρῳ
970 2704 1102 2785 ποταμῷ·
1126 2705 1171 2766 καὶ
1187 2706 1240 2786 γὰρ
1255 2706 1422 2786 ταραχώδης

231 2807 277 2868 καί
316 2807 391 2880 ἰλύος
421 2810 574 2886 ἀνάμεστος
601 2809 647 2869 καὶ
676 2809 846 2886 δυσέμβοτος
875 2809 922 2870 καί
952 2812 1105 2892 τυραννικὸς
1135 2809 1181 2871 καὶ
1207 2811 1349 2888 πολίηχος
1377 2809 1425 2869 καί

232 2913 431 2995 ὀλιγοχρόνιος.

1156 2999 1257 3052 (Epium.
1273 2998 1333 3040 stob.
1349 2998 1365 3046 1.
1380 3000 1424 3048 46.)

232 3086 272 3146 06
296 3086 354 3162 βίος
377 3087 490 3164 ἀληθῶς
512 3089 526 3147 6
550 3087 619 3167 βίος,
643 3087 721 3148 ἀλλὰ
741 3091 871 3168 συμφορά.

1222 3171 1256 3222 (Ε.
1271 3171 1352 3212 Δίοεσθ.
1366 3173 1423 3222 802.)

236 3260 277 3319 06
300 3261 354 3340 γὰρ
378 3259 439 3336 ἐμοὶ
462 3266 552 3339 ψυχῆς
575 3259 709 3342 ἀντάξιον,
733 3263 790 3322 ουδ’
803 3263 854 3322 ὅσα
876 3261 952 3342 φασὶν

231 3361 318 3424 Ἴλιον
342 3365 480 3442 ἐκτῆσθαι.

1151 3448 1221 3499 (nom.
1238 3449 1264 3490 11.
1280 3449 1315 3498 lx,
1329 3452 1365 3491 τοι
1377 3451 1421 3500 sq.)

231 3542 291 3602 Οθκ
313 3539 368 3600 ἔστ’
386 3542 494 3601 ἄπιστον
517 3539 594 3600 οθδὲν
619 3540 647 3599 ἐν
670 3539 759 3619 θνητῷ
782 3541 833 3620 βίῳ

232 3645 287 3706 οὔθ’
301 3649 333 3704 ἂν
355 3649 470 3724 γένοιτο.
494 3645 589 3706 πολλὰ
610 3645 751 3706 ποικίλλει
773 3648 874 3726 χρόνος

230 3747 375 3832 παράδοξα
397 3749 444 3810 καὶ
467 3751 610 3826 θαυμαστὰ
632 3748 679 3810 καί
702 3752 809 3820 ζώντων
833 3753 935 3830 τρόποι.

959 3833 1025 3886 (Men.
1041 3833 1116 3874 inem.
1132 3832 1238 3881 Μείτιελε,
1252 3833 1320 3883 v.1V,
1335 3845 1356 3883 μ.
1367 3833 1423 3884 w.)

234 3907 293 3966 Οὺκ
316 3909 371 3967 ἔστι
394 3907 451 3983 βίον
475 3908 560 3988 εὑρεῖν
584 3907 688 3968 ἄλυπον
712 3907 832 3981 οὐδενός.
1197 3989 1209 4030 k
1282 3988 1309 4030 lv

1043 3991 1108 4040 (Μοιι.
1125 3989 1194 4030 λίσίιιε
1211 4001 1230 4037 ο,
1245 4002 1265 4030 ν.
1312 3994 1352 4040 ζμ.
1369 3992 1424 4040 195.)

234 4099 293 4158 Οθκ
317 4099 372 4158 ἐστι
394 4101 443 4174 τὴν
468 4100 638 4176 ἐνεστηκυῖαν
661 4101 767 4180 ἡμέραν
789 4099 885 4169 καλῶς
908 4099 1012 4178 βιῶναι,
1036 4099 1074 4172 μὴ
1094 4098 1261 4178 προθέμενον
1284 4097 1365 4173 αὐτὴν
1388 4100 1427 4171 ὡς

233 4202 352 4281 ἐσχάτην
375 4203 480 4278 βιῶσαι.

1131 4285 1259 4338 (Musonius,
1275 4287 1334 4328 Βίου.
1349 4287 1366 4336 Ι,
1381 4288 1424 4337 8³.)

231 4373 423 4437 *-*οθκοῦν
444 4380 475 4437 τ“ο
499 4379 538 4456 μὴ
561 4381 609 4454 ζῆν
632 4378 752 4460 κρεῖττον
776 4378 860 4453 &effi
884 4378 931 4452 ζῆν
955 4381 1059 4448 κακῶς.

1162 4461 1194 4511 (ω.
1211 4461 1244 4501 τι.
1259 4459 1341 4501 Parim.
1357 4460 1425 4511 νιιι.)

232 4567 273 4626 Οἰι
289 4571 393 4650 μακρον
417 4570 524 4630 δίδωσιν
547 4569 682 4646 θθαίμων
697 4573 796 4648 χρόνον
818 4573 865 4630 τοῦ
887 4571 946 4648 ζῆν,
970 4568 1009 4646 μὴ
1032 4568 1133 4651 λάθῃς,
1156 4572 1247 4628 τοῦτον
1271 4567 1310 4640 εἰς
1333 4565 1423 4647 αἰνίγ-

232 4693 306 4747 ματα
328 4672 374 4734 καί
397 4675 499 4754 λήρους
522 4675 678 4748 ἀναλώσας.

1192 4756 1324 4809 [Δίσίμλτσπ.
1340 4757 1378 4808 Ep.
1395 4756 1425 4806 1.)
