3532 5500
705 581 747 590 -
794 542 946 607 249-

452 783 660 854 θοσιιίθυίίο
684 785 737 870 (τί.
761 786 983 870 Μαινίίυειαθο,
1006 786 1191 873 Arcanum).

230 971 310 1031 Αλλ’
337 973 367 1030 σύ
389 972 443 1052 γὰρ
467 973 523 1032 ἔστι
545 970 670 1052 κάμφανῆ
694 973 829 1052 κρύπτειν.

1198 1055 1229 1105 (ιι.
1245 1053 1295 1095 σοι.
1311 1054 1355 1096 σοι.
1371 1054 1427 1103 τοι.)

237 1163 433 1242 Ἐκμαρτυρεῖν
455 1162 510 1244 γὰρ
533 1163 619 1242 ἀνδρα
640 1162 690 1234 τὰς
713 1163 792 1222 αύτού
814 1163 899 1240 τύχας

237 1265 279 1340 εἷς
301 1270 414 1346 πάντας,
437 1268 554 1344 ἀμαθές,
576 1269 607 1326 τδ
630 1268 654 1327 δ’
668 1267 875 1348 ἐπικρύπτεσθαι
898 1271 986 1348 σοφὸν.

1177 1351 1210 1402 (υ.
1226 1351 1261 1391 ιι.
1276 1349 1349 1401 οαιιρ.
1365 1348 1428 1398 xlv.)

238 1500 244 1510 .
272 1497 276 1507 .
302 1497 310 1510 .
335 1451 364 1509 έν
387 1453 488 1528 σοφοῖσι
510 1446 563 1530 γὰρ

232 1555 293 1614 τάδ’
311 1553 366 1612 ἐστί
389 1555 507 1630 θνητῶν·
531 1554 675 1616 λανθοίνειν
698 1555 732 1614 τύ
755 1557 793 1630 μὴ
817 1557 903 1616 καλοῖ.

797 1637 801 1644 ’
1227 1638 1262 1688 (Ε.
1274 1637 1361 1688 flippol.
1374 1637 1429 1687 436.)

236 1739 299 1796 Κᾶν
323 1737 423 1816 σφόδρα
447 1744 537 1816 σαφῶς
561 1737 636 1820 εἰδῇς
658 1741 761 1818 τι,.τὀν
783 1739 933 1818 κρύπτοντα
956 1761 986 1798 σε

238 1841 370 1918 μηδέποτ’
385 1839 519 1922 ἐλέγξῃς·
543 1843 676 1902 δύσκολον
699 1845 803 1923 πρᾶγμ’
817 1845 872 1903 ἔστι
893 1843 957 1926 γὰρ,

238 1949 256 2004 ἀ
279 1947 424 2004 λανθάνειν
446 1967 486 2018 τις
509 1947 647 2028 βούλεται,
669 1948 742 2008 ταῦτ’
760 1942 869 2007 εἰδέναι.

962 2032 1029 2082 (Men.
1044 2031 1121 2072 ῖσοστῖ.
1137 2029 1243 2076 Μοῖαοὶε,
1259 2041 1279 2069 ι.
1291 2028 1326 2078 Π,
1341 2041 1361 2080 p.
1374 2029 1429 2079 ²48.)

238 2173 374 2253 Κρύπτειν
398 2171 516 2248 ἀμαθίην
539 2176 661 2254 κρέσσον,
685 2178 703 2249 ἦ
728 2175 757 2246 ἐς
779 2177 809 2234 τδ
833 2177 914 2250 μέσον
937 2175 1037 2254 φέρειν.

1132 2255 1245 2307 (Ηοτιιυύίύ.
1261 2255 1319 2296 θθοθ.
1335 2255 1372 2306 111,
1387 2256 1431 2306 82.)

238 2408 243 2419 .
273 2405 278 2415 .
306 2407 311 2417 .
335 2358 444 2436 κρύψαι,
468 2357 579 2432 Φειδία,

235 2463 347 2521 ἅπαντα
368 2462 462 2520 τοῖλλα
484 2482 524 2531 τις
547 2461 645 2520 δύναιτ’
659 2461 692 2520 ἀν
715 2462 789 2536 πλὴν
813 2461 897 2541 δυοῖν,

238 2561 313 2625 οἶνόν
336 2587 366 2624 τε
389 2565 484 2643 πίνων,
509 2564 548 2636 είς
571 2566 659 2646 έριυτά
681 2566 704 2623 τ’
719 2567 859 2640 ἐμπεσὼν·

240 2671 383 2749 ἀμφύτερα
406 2672 499 2746 μηνύει
523 2670 576 2750 γὰρ
600 2671 652 2729 ἀπδ
675 2676 728 2730 τῶν
752 2671 921 2746 βλεμμάτων

237 2773 361 2834 καὶτῶν
384 2759 479 2854 λύγυίν
501 2776 586 2855 ταῦθ’,
600 2777 671 2834 ὥστε
694 2774 755 2844 τούς
779 2776 959 2856 ἀρνουμένους

237 2879 361 2956 μάλιστα
383 2881 490 2950 τούτους
513 2883 676 2960 καταφανεῖς
698 2882 779 2939 ποιεῖ.

338 2987 341 2994 .
989 2962 1115 3014 (Antiphan.
1131 2963 1237 3009 Meineke,
1251 2975 1271 3002 ν.
1285 2961 1325 3008 ΙΙΙ,
1340 2974 1361 3012 p.
1378 2964 1432 3012 139.)

237 3072 319 3146 Λύπη
343 3071 403 3150 μέν,
426 3073 478 3153 ἀτη
501 3074 653 3150 περιπεσεῖν
677 3069 778 3152 αἰσχρᾷ
800 3093 861 3130 τινι.

239 3173 263 3234 εἰ
288 3174 312 3233 δ’
325 3173 370 3234 ούν
392 3177 509 3256 γένοιτο,
533 3177 588 3254 χρὴ
611 3174 781 3254 περιστεῖλαι
803 3175 899 3246 καλῶς

238 3281 400 3359 κρύπτοντα,
423 3279 469 3340 καὶ
493 3281 531 3355 μὴ
555 3285 620 3339 πᾶσι
642 3281 783 3360 κηρύσσειν
806 3281 885 3339 τάδε·

237 3383 334 3461 γέλως
357 3384 410 3464 γὰρ
434 3385 545 3464 ἐχθροῖς
567 3383 689 3462 γίγνεται
711 3379 745 3443 τά
767 3384 869 3444 τοιάδε.

1198 3468 1234 3518 (Ε.
1250 3468 1285 3508 Fr.
1300 3467 1372 3508 Kreas.
1387 3465 1433 3516 IV.)

244 3619 379 3693 Νομίζετε
403 3624 452 3693 τῆς
476 3619 557 3693 αὐτῆς
581 3620 649 3676 εῖναι
672 3618 773 3693 ζημίας
797 3615 889 3690 ἀξίους
912 3619 973 3691 τούς
995 3620 1208 3698 συγκρύπτοντας
1230 3621 1287 3690 τοῖς
1310 3615 1433 3696 ἐξαμαρ-

242 3726 374 3782 τοίνουσιν.

1326 3804 1433 3856 (Isocrnt.)

240 3910 342 3984 Ούδείς
364 3915 462 3984 σκότος
483 3912 537 3992 γὰρ
560 3906 684 3990 ὧδ’έχει
707 3911 797 3986 μέλαν
821 3913 909 3992 νέφος,

240 4019 313 4088 ὅστις
335 4023 428 4078 κακιῖιν
451 4023 505 4076 σῶν
529 4012 663 4096 συμφορὰν
685 4017 811 4098 κρύψειεν
836 4017 877 4078 ἀν.

1115 4099 1148 4151 (Ε.
1163 4099 1251 4141 Hercul.
1267 4099 1317 4140 Fur.
1334 4102 1384 4142 1216
1391 4101 1434 4150 sq.)

241 4203 302 4261 Ούκ
325 4203 390 4276 ἐμδν
414 4201 532 4277 ἀνοίγειν
555 4201 740 4259 λανθάνουσαν
764 4198 875 4280 ἀτυχίαν

241 4309 308 4388 ἔστ’,
321 4307 400 4366 ἀλλὰ
423 4306 534 4381 μᾶλλον
557 4306 776 4365 κατακαλύπτειν
799 4304 867 4384 φημί
889 4305 956 4367 δεῖν.

1059 4389 1125 4440 (Men.
1140 4388 1246 4434 Μοίσαις.
1261 4388 1363 4438 v.1v,p.
1378 4387 1434 4438 2⁶4.)

242 4499 304 4576 Ούχ
327 4499 399 4557 ὅσιον
421 4497 545 4576 κρύπτειν
567 4498 612 4555 τὀν
637 4497 791 4556 ἀτάσθαλον
815 4496 901 4576 ἄνδρα
924 4498 1021 4575 ἄπιτον,

242 4601 321 4661 ἀλλὰ
342 4601 397 4682 χρὴ
420 4603 573 4682 κακόεργον
596 4601 817 4680 ἀποτροπάασθαι
840 4601 958 4683 ἀνάγκη.

1163 4683 1258 4734 (Phocyl.
1273 4682 1363 4722 Λύσασα.
1380 4683 1435 4729 125.)

387 4767 398 4792 0
