3532 5500
699 551 933 616 ..187-

219 747 259 808 Ἣ
283 751 332 810 οθκ
355 744 423 808 οἶσθ’
435 748 565 829 ἀκριβῶς,
589 751 627 808 ῶν
648 749 842 828 περισσόφρων,
866 747 904 806 ότι

220 855 336 938 γλῶσοη
359 853 463 934 ματαίᾳ
482 851 567 930 ζημία
588 847 791 933 προστρίβεταη

1090 933 1125 984 (Α.
1140 933 1210 974 Ρσσιιι.
1225 931 1296 973 ῖίῖιισῖ.
1311 933 1350 972 328
1357 929 1414 980 sqq.)

221 1030 352 1107 Κρεῖιτόν
375 1027 431 1088 ἐστι
452 1031 509 1099 τοῖς
530 1026 607 1088 ποσίν
630 1027 758 1107 δλισθεῖν,
781 1030 799 1102 ἢ
822 1028 999 1109 τῇγλῶσση.

1328 1103 1414 1158 (Zeno.)

221 1195 266 1254 οὒ
287 1197 340 1274 γάρ
363 1195 393 1270 μ’
409 1193 518 1276 ἀρέσκει
540 1193 656 1272 γλῶσσά
677 1215 724 1254 σου
746 1194 912 1272 τεθηγμένη·
1238 1273 1270 1324 (s.
1285 1272 1335 1314 m
1357 1271 1415 1321 5⁸4.)

223 1364 287 1432 Παῖς
309 1359 333 1420 δ’
347 1360 376 1420 ἐν
399 1360 518 1442 μετοίκῳ
540 1361 670 1441 γλῶσσαν
694 1358 802 1420 εὔτυκον
825 1361 900 1440 φέρει

218 1468 329 1542 κακήν
351 1467 382 1527 τό
406 1466 430 1526 δ’
444 1465 529 1526 εἰπεῖν
552 1465 663 1538 είιπετὲς
686 1467 816 1545 μύσαγμά
837 1485 906 1535 πως.
1195 1543 1211 1587 Α
1296 1543 1365 1584 lm
1408 1542 1416 1592 J

1186 1545 1310 1595 (.8ιιιιφ.
1372 1553 1404 1592 sq.

221 1633 349 1704 Πολλοῖς
371 1631 518 1713 άνθριίνπων
540 1632 656 1714 γλῶσσῃ
675 1632 751 1712 θίιραι
773 1631 823 1691 ουκ
845 1623 992 1690 ἐπίκεινται

328 1735 463 1818 ἀρμόδιαι,
487 1735 533 1795 καί
556 1756 614 1814 σφιν
635 1735 720 1796 πόλλ’
735 1734 862 1810 ἀμέλητα
885 1733 976 1810 μέλει.

217 1843 347 1902 πολλάκι
369 1841 422 1921 γάρ
444 1843 475 1902 τδ
498 1841 584 1900 κακόν
607 1837 806 1914 κατακείμενον
830 1838 908 1898 ἔνδον
930 1833 1052 1916 άμεινον,

328 1946 426 2006 ἐσθλόν
449 1945 474 2006 δ’
491 1941 605 2019 ἐξελθδν
627 1943 712 2004 λῶϊον
733 1947 752 2019 ἢ
774 1945 805 2003 τδ
826 1944 923 2023 ικακόν.

1185 2023 1310 2074 (Theognis,
1324 2026 1362 2064 ⁴21
1373 2021 1416 2071 σιμ)

220 2112 349 2186 Πολλοῖς
371 2112 424 2192 γὰρ
446 2115 464 2188 ἡ
486 2112 602 2192 γλῶσσα
623 2112 768 2192 πθθῖθὲλῑῑ
791 2115 840 2188 τῆς
863 2108 991 2180 διανοίας·
1207 2190 1274 2241 (μοστ
1297 2188 1349 2229 nem
1371 2189 1416 2238 ιι)

219 2279 346 2360 Στρεπιὴ
370 2279 401 2340 δὲ
424 2279 529 2358 γλῶττ’
542 2276 598 2337 ἐστὶ
621 2277 735 2358 βροτῶν,
758 2277 862 2348 πολέες
885 2275 908 2334 δ’
923 2276 962 2335 ἔνι
985 2275 1062 2350 μόθοι

129 2387 136 2393 “
217 2386 361 2444 παντοῖον
386 2383 474 2443 ἐπέων
497 2383 528 2442 δὲ
551 2382 638 2454 πολὺς
661 2383 743 2458 νόμος
767 2382 830 2442 ἔνθα
853 2378 900 2441 καὶ
924 2380 998 2440 ἔνθα.

1146 2461 1216 2511 (ῖίυι.
1232 2461 1258 2501 11.
1274 2459 1316 2507 XX.
1330 2458 1416 2508 Μῦες.)

219 2551 351 2629 Τρυγῶσι
372 2551 432 2621 ταῖς
454 2548 601 2628 γλώτταισι
623 2546 766 2618 συκάζουσί
787 2567 828 2608 τε.

1206 2625 1252 2676 (Ar.
1267 2623 1331 2672 Ανσι,
1347 2623 1416 2673 1105.)

219 2717 289 2775 Τῶν
311 2735 351 2774 τοι
375 2713 496 2790 ματαίων
520 2713 632 2792 ἀνδράσι
655 2714 832 2793 φρονημάτων

217 2822 242 2898 ἡ
265 2819 370 2900 γλῶττ’
381 2815 490 2895 ἀληθὴς
512 2817 636 2896 γίγνεται
658 2818 820 2895 κατήγορος.

313 2915 317 2925 ·
1034 2897 1069 2946 (Α.
1084 2897 1143 2946 sept.
1159 2896 1232 2937 θυσία
1246 2894 1312 2934 Theb.
1328 2893 1416 2943 έθθεη.)

219 2983 438 3066 Φιλολσιδόροιο
460 2983 588 3063 γλώττης
610 2982 736 3058 βέλεμνα
758 2985 855 3061 “W-
1227 3059 1306 3112 (Anser
1326 3061 1352 3100 n
1375 3059 1418 3108 ιι)

496 3189 573 3275 Lis,
596 3189 751 3273 Jurgium,
774 3187 857 3252 Rixa
879 3187 932 3272 (σί.
956 3183 1147 3269 Contentio).

219 3333 316 3394 Ἀλλὰ
338 3335 381 3410 τίη
405 3333 498 3413 ἔριδας
519 3330 567 3392 καί
588 3330 682 3392 νείκεα
703 3337 767 3391 νῶϊν
791 3330 897 3408 ἀνάγκη

218 3442 322 3500 νεικεῖν
345 3438 509 3513 ἀλλήλοισιν
534 3437 652 3497 ἐναντίον
675 3439 745 3497 ὥστε
767 3438 908 3516 γυναῖκας,

221 3544 283 3604 αίτε
303 3543 505 3623 χολωσάμεναι
528 3541 616 3622 ἔριδος
637 3540 699 3622 περὶ
722 3540 884 3620 θυμοβόροιο

219 3650 339 3708 νεικεῖσ’
351 3647 495 3730 ἀλλήλῃσι
518 3649 604 3724 μέσην
628 3648 658 3719 ἐς
680 3646 775 3725 ἀγυιὰν
799 3645 893 3706 ίοιῖται.

1129 3725 1199 3777 (Hom.
1215 3723 1241 3766 ll.
1257 3724 1300 3773 XX„
1314 3723 1417 3774 θῶίειμη.)

221 3813 293 3874 Δίκα
317 3813 395 3873 δίκαν
419 3809 570 3886 ἐξεκάλεσε
594 3810 640 3871 καὶ
663 3813 741 3892 φόνος

223 3919 314 3999 φόνον.

1187 3996 1220 4048 (Ε.
1236 3995 1310 4046 suppl.
1327 3997 1365 4034 614
1375 3994 1418 4045 sq.)

222 4091 292 4168 Δίκη
317 4091 395 4166 δίκην
420 4091 507 4151 ἔτικτε
529 4088 576 4150 καὶ
599 4089 709 4167 βλάβην
733 4089 837 4165 βλάβη.

1207 4170 1240 4220 (ν.
1256 4169 1290 4210 rr.
1305 4167 1417 4219 Androm.)

223 4255 256 4317 Εί
279 4257 335 4336 γὰρ
359 4257 414 4337 ἔρις
436 4257 603 4335 μακάρεσσιν
627 4255 685 4334 ἔην,
708 4257 758 4316 οὒκ
780 4256 813 4315 ἀν
835 4256 923 4327 πόλος
947 4256 1021 4330 ἔστη.

1173 4335 1268 4388 (Ρῖισογί.
1283 4334 1372 4376 Admau.
1388 4333 1418 4384 7.)

224 4419 302 4502 Ἔρις
327 4421 352 4480 δ’
366 4421 420 4502 ἔριν
443 4421 600 4500 ἀντιφθεται.
1337 4500 1417 4551 (Prov)

223 4590 314 4667 Δηγει
337 4585 361 4646 δ’
380 4588 435 4668 ἔρις
457 4585 598 4668 δραμοῦσα
619 4591 665 4647 τοῦ
689 4589 855 4666 προσωτάτω

225 4693 330 4774 ἀνδρῶν
353 4693 488 4772 γερόντων
512 4693 541 4752 ἐν
564 4689 727 4773 ξυναλλαγῇ
750 4692 846 4771 λόγου.

1208 4776 1240 4825 (s,
1254 4775 1313 4823 και,
1328 4777 1364 4816 τοι
1374 4773 1417 4824 αι.)
