3532 5500
860 537 1094 600 -178-

380 731 467 790 Φύσει
490 730 514 790 δ’
531 731 646 810 ὑπάρχει
668 733 726 802 τοῖς
747 733 859 810 παροῦσι
884 729 918 789 τά
940 735 993 788 τῶν
1020 729 1160 804 ἀπόντων,
1186 726 1233 788 καί
1256 731 1311 800 τοῖς
1334 729 1458 789 ἐθέλουσι
1480 731 1570 788 πονεῖν

379 834 427 894 καὶ
448 833 608 894 κινδυνεύειν
630 835 665 894 τὰ
687 841 740 894 τῶν
763 835 948 910 ἀμελούντων.

1339 915 1459 969 (nonum.
1474 915 1529 956 Phil.
1544 916 1571 964 1.)

380 995 419 1057 Ὦ
441 1001 528 1079 πόνοι,
550 1000 693 1080 τρέφοντες
715 998 836 1079 sspovobc.
1363 1081 1390 1133 (ιτ
1413 1081 1491 1133 uippol
1515 1083 1571 1132 σου)

381 1163 431 1236 Ὠς
458 1163 548 1240 ἡδέως
572 1185 618 1239 μοι
640 1165 740 1244 γέγονε
762 1158 796 1224 τὰ
817 1166 948 1244 πρότερον
969 1165 1061 1222 κακά·

380 1267 404 1327 εἰ
428 1272 467 1343 μή
490 1269 550 1330 ποτ’
565 1269 686 1349 ἐπόνουν,
709 1273 753 1328 νύν
777 1271 810 1328 ἀν
832 1268 882 1330 οἰικ
904 1269 1092 1349 εἰνφραινόμην.

1169 1351 1271 1403 (Philem.
1286 1350 1393 1402 leineko,
1409 1363 1428 1393 τ.
1444 1351 1479 1400 Ν,
1494 1364 1514 1402 ρ,
1529 1353 1572 1400 55.)

484 1473 569 1528 Vide:
588 1475 719 1526 Audacia.-
737 1471 835 1542 θράσει,
857 1504 889 1513 -
909 1476 994 1528 Dem:
1017 1475 1095 1538 Ἀλλ’,
1117 1471 1202 1534 Αὐτός.
1223 1503 1255 1512 -
1275 1475 1350 1528 Sors:
1370 1472 1444 1525 Ἄνευ.
1464 1503 1496 1512 -
1516 1474 1572 1525 Stu-

380 1563 466 1614 dium:
485 1560 528 1611 Ἐκ
548 1560 656 1630 μελέτης.
678 1589 708 1598 -
731 1563 856 1627 Tempus.-
873 1558 955 1612 θύτοι.
974 1591 1007 1600 -
1032 1563 1102 1614 Vita.-
1120 1559 1234 1630 Σμικριίν.

659 1735 831 1804 Lacrima
853 1735 907 1822 (σί.
932 1735 1128 1821 sympathia,
1152 1735 1293 1822 Luctus).

381 1877 493 1958 Ἀγαθσὶ
517 1878 541 1938 δ’
555 1878 716 1960 άριδάκρυες
739 1878 845 1960 ἀνδρες.

381 2045 461 2105 Ἀλλ’
479 2043 502 2104 εἰ
526 2045 576 2121 μὲν
598 2041 632 2122 ἦν
655 2044 794 2104 κλαίουσιν
818 2043 907 2104 ἰᾶσθαι
929 2044 1003 2104 κακὰ

382 2146 442 2231 (καὶ
464 2150 509 2208 τδν
532 2151 648 2208 θανόντα
670 2149 795 2229 δακρύοις
819 2145 980 2231 ἀνιστάναι),

379 2255 394 2312 ό
416 2255 516 2333 χρυσδς
537 2248 620 2330 ἧσσον
641 2259 735 2330 κτῆμα
756 2259 802 2314 τοῦ
824 2252 932 2314 κλαίειν
954 2256 987 2312 άν
1010 2251 1053 2327 ἦν.

381 2417 461 2477 Ἀλλ’
473 2418 528 2477 ἔστι
550 2415 605 2499 γάρ
628 2417 661 2493 δὴ
684 2418 735 2477 κάν
757 2419 880 2478 κακοῖσιν
902 2417 986 2494 ἡδονὴ

380 2522 497 2600 θνητοῖς,
520 2520 631 2602 ὀδυρμοὶ
655 2521 778 2602 δακρύων
800 2523 824 2582 τ’
836 2521 968 2603 ἑπιρροαί,

382 2624 543 2703 ἀλγηδόνας
565 2625 595 2684 δὲ
617 2630 701 2686 ταῦτα
723 2622 840 2706 κουφίζει
863 2633 975 2708 φρενῶν,

379 2728 426 2788 καὶ
448 2728 565 2811 καρδίας
588 2731 668 2790 ἔλυσε
690 2731 752 2802 τούς
775 2732 846 2810 άγαν
868 2733 975 2804 πόνους.

1335 2815 1369 2865 (Ε.
1385 2813 1419 2856 Fr.
1435 2815 1522 2856 Οειιοιιι.
1538 2815 1577 2864 V.)

380 2891 510 2970 Ἀμουσία
532 2915 572 2953 τοι
595 2892 661 2970 μηδ’
676 2895 719 2954 ἐπ’
730 2893 870 2976 οἰκτραῖσιν
895 2893 979 2974 δάκρυ

379 3000 494 3069 στάζειν.

1348 3083 1577 3134 ωὴωωγ

377 3169 409 3229 Εἰ
432 3171 466 3228 τὰ
489 3169 583 3250 δάκρυ’
595 3172 660 3246 ἡμῖν
682 3177 736 3230 τῶν
758 3177 852 3231 κακῶν
874 3169 908 3249 ἦν
931 3175 1083 3254 φάρμακον,

377 3275 419 3334 ἀεί
442 3273 496 3335 θ’ό
517 3275 640 3344 κλαύσας
663 3278 709 3335 τού
730 3279 822 3336 πονεῖν
846 3276 970 3352 ἐπαύετο,

376 3379 582 3456 ἠλλαττόμεσθ’
595 3383 627 3438 ἀν
651 3379 755 3459 δάκρυα
778 3380 870 3451 δόντες
889 3381 1016 3460 χρυσίον·

377 3489 422 3543 νύν
445 3484 469 3542 δ’
484 3485 513 3544 ού
534 3485 665 3564 προσέχει
687 3485 720 3543 τά
742 3485 893 3564 πράγματ’,
917 3485 973 3545 ουδ’
986 3485 1139 3560 ἀποβλέπει

378 3586 418 3660 είς
444 3593 538 3668 ταύτα,
562 3588 681 3668 δέσποτ’,
705 3584 783 3649 ἀλλά
805 3589 853 3665 τὴν
877 3589 959 3665 αὺπὴν
981 3589 1054 3668 όδδν,

378 3691 427 3751 ἐάν
449 3712 480 3751 τε
503 3691 616 3774 κλαίῃς,
639 3692 672 3751 άν
692 3713 721 3752 τε
745 3693 793 3772 μὴ,
816 3694 968 3774 πορεύεται.

375 3794 401 3854 τί
424 3793 469 3855 σύν
492 3799 579 3869 ποιεῖς
600 3797 703 3877 πλέους
727 3796 822 3856 ούδέν·
845 3799 863 3872 ἡ
887 3799 959 3873 λύπη
984 3798 1007 3856 δ’
1021 3799 1092 3878 ἔχει,

376 3902 467 3981 ῶσπερ
488 3900 519 3960 τό
542 3900 664 3982 δένδρον,
686 3907 764 3962 τούτο
786 3904 900 3983 καρπδν,
922 3905 957 3961 τό
981 3901 1132 3984 δάκρυον.

1167 3987 1269 4039 (Philam.
1284 3987 1391 4038 Heineke,
1406 3999 1426 4030 v.
1442 3988 1477 4038 lv.
1492 4001 1515 4039 ιν.
1531 3993 1577 4042 2³.)

377 4064 471 4126 Ἔστιν
492 4067 567 4146 παρὰ
589 4067 700 4148 δάκρυσι
722 4067 849 4143 κείμενον

376 4169 427 4246 ἡδὶν
451 4170 566 4250 βροτοῖς,
591 4173 654 4230 όταν

377 4273 463 4353 ἀνδρα
486 4273 564 4354 φίλον
586 4278 707 4360 στενάχῃ
730 4299 769 4349 τις
793 4277 822 4336 ἐν
845 4277 936 4357 οἴκτῳ.

1281 4364 1313 4414 (Ε.
1329 4363 1362 4406 Fr.
1376 4363 1462 4405 Ατοίιελ
1478 4363 1576 4416 mn.)

378 4443 475 4512 Μείζω
498 4443 581 4524 κακά,
605 4445 623 4516 ἢ
646 4443 716 4501 ὣστε
739 4443 908 4504 ἀνακλαίειν.
1489 4529 1577 4582 (pm)

378 4606 438 4666 Οὔκ
461 4607 530 4665 ἔστιν
553 4606 623 4666 οθτω
645 4605 757 4687 στερρδς
780 4607 919 4686 ἀνθριύπου
942 4609 1026 4688 φύσις,

377 4713 436 4786 ἥτις
458 4713 532 4789 γόων
555 4717 609 4771 σῶν
631 4709 678 4770 καὶ
702 4718 814 4792 μακρῶν
839 4711 996 4792 ἀθυρμάτων
