3476 5490
830 505 1047 571 ...20-

345 699 452 773 Φίλσυς
475 699 506 761 δὲ
528 701 590 773 τούς
613 699 664 777 μὲν
688 702 727 776 μὴ
749 701 899 779 χαλῶντας
922 699 951 758 ἐν
974 700 1071 779 λόγοις

342 808 469 888 κέκτησο,
493 806 555 878 τούς
578 805 609 865 δὲ
631 808 698 886 πρός
720 808 800 885 χοίριν
823 805 869 864 σύν
891 803 978 886 ἡδονῇ

341 916 375 992 τῇ
398 915 432 992 σῇ
454 911 596 991 πονηρούς,
618 911 741 992 κλῇθρον
764 908 879 990 εἰργέτω
902 911 1012 988 στέγης.

1170 993 1204 1044 (Ε.
1219 993 1255 1034 Fr.
1270 991 1370 1035 Eram.
1386 992 1428 1034 ΣΧ.
1444 994 1468 1034 18
1477 992 1535 1042 ους.)

343 1065 452 1140 Φιλους
475 1067 513 1142 μὴ
535 1068 606 1146 ταχύ
627 1073 694 1148 κτῶ,
719 1068 764 1139 ούς
787 1066 813 1126 δ’
826 1069 858 1125 ἂν
881 1069 979 1148 κτήσῃ,
1003 1067 1041 1142 μὴ
1064 1066 1134 1145 ταχύ
1157 1066 1181 1126 δ’
1194 1064 1390 1142 ἀποδοκίμαζε.

342 1223 540 1296 *-*Φίλσυς
561 1227 680 1298 τιθέντες
702 1226 763 1296 τούς
785 1245 822 1305 γε
845 1226 1078 1305 πολεμιωτάτους,

343 1332 458 1411 ἐχθρούς
480 1352 514 1410 γε
536 1332 598 1403 τούς
619 1324 680 1410 πρίν
705 1333 827 1406 εύμενεῖς
850 1330 1016 1406 ποιούμενοι.

342 1485 442 1547 Φιλων
464 1488 518 1567 γὰρ
540 1487 620 1547 ούδέν
642 1487 720 1566 ἴδιον,
745 1487 841 1560 οἵτινες
863 1488 936 1567 φίλοι

342 1593 429 1673 ὀρθῶς
451 1593 593 1672 πεφύκασ“,
616 1592 695 1652 ἀλλὰ
716 1591 795 1652 κοινὰ
816 1595 956 1673 χρήματα.

341 1749 441 1808 Φιλων
464 1749 495 1808 δὲ
517 1749 579 1821 τούς
601 1748 651 1824 μέν
668 1751 698 1808 ού
722 1751 815 1827 σαφεῖς
838 1745 894 1828 όριῖι
916 1748 1022 1828 φίλους,

340 1853 367 1914 οί
389 1853 414 1914 δ’
427 1855 503 1926 ὄντες
525 1854 613 1933 ὀρθῶς
635 1853 759 1913 ἀδύνατοι
781 1853 979 1934 προσωφελεῖν.

343 2012 441 2071 Φίλων
464 2011 562 2085 λαβεῖν
585 2012 639 2093 γὰρ
661 2015 758 2093 πεῖραν
781 2013 811 2072 ού
836 2012 932 2092 μινρόν
954 2012 1050 2070 κακόν.

341 2169 440 2228 Φίλων
463 2170 603 2247 παρόντων
625 2168 673 2228 καί
695 2169 818 2228 ἀπόντων
841 2171 976 2244 μέμνησο.

340 2325 439 2384 Φιλων
462 2325 586 2384 τοιούτων
610 2325 635 2384 οί
658 2325 708 2400 μὲν
732 2325 907 2404 ἐστερημένοι

343 2428 491 2510 χαίρουσιν,
516 2429 541 2487 οί
564 2428 588 2486 δ’
602 2430 713 2508 ἔχοντες
737 2428 861 2507 εὔχονται
884 2432 985 2508 φυγεῖν.

341 2587 477 2665 Φρόνησιν
501 2587 590 2645 ἀσκῶν
614 2587 721 2666 ἄφροσιν
745 2588 783 2661 μὴ
805 2594 865 2666 χρῶ
887 2585 984 2665 φίλοις.

341 2743 427 2822 Χάριν
451 2742 481 2802 δὲ
504 2746 694 2821 γηράσκουσαν
719 2742 839 2822 ἐχθαίρω
862 2744 948 2822 φιλων

340 2845 387 2904 καί
410 2853 462 2905 τῶν
486 2847 582 2906 καλῶν
605 2847 656 2920 μὲν
679 2849 750 2917 ὅστις
775 2846 922 2906 ἀπολαύειν
946 2847 1033 2925 θέλει,

341 2953 475 3026 συμπλεῖν
499 2951 529 3010 δέ
552 2956 607 3023 τοῖς
630 2953 744 3031 φίλοισιν
768 2953 939 3030 δυστυχοῦσιν
962 2951 1001 3012 σύ.

753 3094 763 3108 ι
793 3094 802 3106 α

340 3092 417 3169 Χρῆν
440 3091 494 3170 γὰρ
517 3092 630 3172 μετρίας
653 3090 692 3163 εἰς
715 3093 861 3166 ἀλλήλους

342 3193 433 3274 φιλίας
455 3195 567 3267 θνατούς
590 3197 792 3276 ἀνακρίνασθαι,

340 3297 387 3358 καὶ
410 3299 448 3376 μὴ
470 3301 537 3380 πρός
560 3301 643 3380 οίκρον
667 3301 768 3374 μυελόν
791 3306 896 3378 ψυχᾶς·

341 3402 439 3463 εὔλυτα
464 3403 488 3462 θ’
502 3401 571 3464 εἷναι
594 3407 746 3485 στέργηθρα
769 3407 881 3486 φρενῶν,

341 3507 393 3568 ἀπό
416 3508 439 3567 τ’
456 3509 576 3569 ὤσασθαι
598 3507 646 3568 καὶ
669 3507 808 3582 ξυντεῖναι.

339 3649 445 3727 Χρυσός
468 3649 519 3722 μὲν
543 3644 616 3708 οἶδεν
642 3645 842 3728 ἐξελέγχεσθαι
863 3650 934 3729 πυρί,

339 3753 357 3828 ἠ
382 3752 448 3834 δ’ἐν
471 3751 560 3832 φίλοις
584 3752 673 3812 εύνοια
694 3753 781 3834 καιρῷ
804 3754 931 3833 κρίνεται.

340 3955 348 3969 .
374 3958 380 3969 .
407 3957 413 3970 .
437 3906 460 3967 ὧ
482 3909 556 3969 κενοί
581 3911 695 3990 βροτῶν,

339 4013 371 4082 οἳ,
387 4011 465 4085 τόξον
490 4014 652 4086 ἐντείνοντες
675 4017 713 4085 ὡς
735 4018 829 4093 καιροῦ
850 4015 922 4095 πέρα

338 4115 385 4176 καί
406 4120 474 4198 πρός
498 4118 576 4193 δίκης
598 4140 632 4197 γε
654 4118 750 4178 πολλὰ
771 4121 924 4197 πάσχοντες
946 4122 1030 4198 καλό,

338 4221 428 4300 φιλοις
451 4223 503 4298 μὲν
527 4223 558 4281 σὺ
579 4221 714 4283 πείθεσθε.

338 4379 385 4450 Ὡς
409 4377 496 4438 δεινόν
521 4379 617 4459 ἐχθρά,
642 4385 737 4460 μῆτερ,
762 4377 869 4439 οἰκείων
892 4381 979 4459 φιλων

339 4481 384 4542 καί
408 4482 553 4554 δυσλύτους
577 4485 679 4562 ἔχουσα
700 4484 750 4554 τὰς
773 4484 940 4563 διαλλαγαῖς.

338 4641 383 4714 Ὡς
406 4643 574 4713 συστενάζειν
596 4637 699 4720 γ’σίδα
721 4641 854 4721 γενναίως
876 4641 975 4722 φίλοις.

1441 1148 1534 1200 (σοντι.)

1280 1675 1315 1724 (Ε.
1329 1673 1431 1716 Androm.
1446 1674 1534 1725 θ’ίθοφ.)

1241 1935 1275 1987 (Ε.
1290 1935 1378 1976 Hercul.
1394 1935 1443 1976 Fur.
1457 1935 1535 1984 θύος.)

1439 2091 1472 2142 (Ε-
1487 2091 1534 2141 FB)

1410 2246 1535 2299 (Pittacus.)

1381 2509 1535 2561 μὴωλ

1254 2669 1321 2720 (λθειν.
1335 2669 1416 2718 θυαμ,
1430 2667 1462 2707 θλ
1477 2667 1535 2716 m.)

1202 3036 1236 3086 (E.
1252 3036 1339 3076 Hercul.
1355 3035 1404 3075 Fur.
1420 3035 1535 3083 lmsqq.)

1277 3593 1310 3642 (Ε.
1326 3592 1412 3643 Hippoi.
1428 3592 1532 3642 mm)

1261 3839 1329 3888 (Men.
1345 3837 1417 3886 (ὀιιιμ.
1427 3835 1459 3877 el.
1474 3836 1531 3885 m.)

1288 4307 1322 4358 (E.
1337 4306 1412 4357 Suppl.
1427 4307 1466 4347 '1ss
1472 4305 1530 4355 sqq.)

1296 4568 1330 4618 (Ε.
1345 4567 1426 4608 ΡΙιοοιι.
1440 4567 1529 4615 susq.)

1362 4726 1395 4778 (E.
1411 4726 1456 4773 Ιοιι,
1471 4725 1528 4775 9³5.)
