3532 5500
690 530 928 594 -197-

210 719 292 782 Ἀνευ
313 728 407 782 κακῶν
430 723 484 803 γὰρ
507 712 594 783 οἰκίαιν
617 722 780 801 οἰκουμένην

210 827 261 885 οθκ
283 827 352 886 ἔστιν
376 828 472 907 εὑρεῖν,
497 828 575 888 ἀλλὰ
596 831 653 900 τοῖς
675 831 726 904 μὲν
748 832 766 906 ἡ
789 831 871 908 ιθχη

210 933 311 992 τσίιτων
335 930 444 992 δίδωσιν
467 931 604 1012 ἀφθονίαν,
627 935 684 1006 τοῖς
707 933 769 994 δὀἱ
790 935 893 1016 τρόποι.

1025 1019 1092 1070 (Men.
1109 1017 1214 1067 Mainake,
1230 1032 1249 1060 v.
1265 1019 1301 1069 IV„
1316 1032 1336 1070 p.
1351 1021 1408 1070 252.)

210 1087 446 1168 *Ἄσυλλόγιστόν
470 1091 541 1150 ἐστιν
563 1091 582 1168 ἡ
603 1090 728 1172 πονηρία.

904 1177 969 1226 (lton.
985 1177 1076 1218 Μυοοιιο.
1091 1176 1211 1225 licinum,
1226 1189 1246 1217 v.
1263 1175 1299 1226 IV,
1313 1189 1334 1228 ρ.
1350 1177 1406 1226 841.)

209 1277 450 1362 *Βλαβερώτερον
471 1285 579 1342 πάντων
601 1283 694 1360 κακία,
718 1281 765 1344 καὶ
787 1285 841 1364 γὰρ
863 1283 897 1342 τὰ
919 1285 1025 1364 χρηστὰ
1046 1284 1163 1360 βλάπτει
1184 1285 1406 1364 παραγενομένη.

1132 1385 1227 1437 (Thalea,
1245 1386 1305 1426 Βιοθ.
1320 1387 1348 1434 ΙΙ,
1362 1387 1407 1436 21.)

211 1477 265 1536 Ἐκ
287 1479 333 1535 τοῦ
355 1481 442 1536 κακοῦ
464 1477 517 1556 γὰρ
539 1479 557 1552 ἠ
580 1479 653 1556 ρύσις
676 1475 759 1536 τίκτει
780 1478 877 1548 κακον,

210 1584 250 1652 ὡς
273 1578 304 1653 ἐξ
327 1580 439 1658 ἐχίδνης
460 1583 545 1642 ιταλιν
568 1581 665 1660 ἔχιδνα
687 1582 799 1660 γίνεται.
842 1601 843 1604 ’

1144 1665 1230 1715 (Εοθοκ,
1246 1666 1305 1706 Stob.
1320 1665 1362 1715 XC,
1377 1668 1408 1718 9.)

208 1738 344 1796 Ἐνταῦθα
366 1738 457 1812 μέντοι
479 1739 568 1796 πάντα
591 1739 756 1818 τάνθρώπων
779 1741 863 1818 νοσεῖ,

209 1846 307 1914 κανοῖς
330 1847 394 1902 ὅταν
417 1842 535 1902 θέλωσιν
558 1841 647 1902 ἰᾶσθαι
669 1846 753 1902 κακοί.

209 2000 305 2060 Κακία
328 1999 437 2060 δίινοπαι
459 2000 546 2060 πλέον
568 2007 617 2075 τῆς
640 2000 749 2078 ἀρετῆς.

208 2155 303 2216 Κακοί
326 2154 356 2216 εὖ
378 2157 543 2236 πράσσοντες
565 2157 614 2215 οίικ
636 2155 791 2235 ἀνασχετοί.

208 2315 306 2395 Κέρδη
328 2317 479 2392 παραινεῖς,
503 2314 530 2373 εί
549 2336 574 2373 τι
597 2315 695 2395 κέρδος
718 2315 747 2373 έν
769 2319 876 2394 κακοῖς,

209 2421 348 2498 βράχιστα
369 2419 422 2497 γὰρ
445 2421 574 2499 κροίτιοτα
596 2419 645 2477 τοὶν
667 2417 744 2478 ποσίν
767 2421 851 2480 κακαί.

1127 2505 1158 2555 (S.
1173 2505 1289 2557 Antigone.
1305 2507 1356 2546 1826
1363 2504 1405 2555 ιη.)

211 2577 305 2656 Λέρνη
328 2581 432 2636 κακῶν.

1326 2661 1407 2712 (Ρτον.)

211 2785 217 2796 .
246 2782 252 2794 .
279 2780 285 2792 .
310 2733 382 2810 μηδὲ
405 2733 474 2813 πρδς
495 2737 592 2804 κακοῖς

206 2841 268 2910 τοῖς
291 2833 348 2898 οθσι
369 2839 458 2914 λθττην
479 2839 547 2916 πρὸς
569 2837 597 2914 γ’
610 2838 678 2912 ἐμοῦ
700 2839 764 2897 νέαν
787 2836 881 2916 λοίβοι,

209 2943 278 3015 ἅλις
299 2941 354 3022 γὰρ
376 2943 394 3017 ἡ
416 2945 548 3022 παροῦσα.

1167 3027 1197 3070 [S.
1213 3027 1288 3067 Ττοσίι.
1303 3027 1406 3078 θθθσηη.)

208 3097 374 3172 *-*Μήτ’
388 3097 449 3174 ἐμοὶ
472 3099 548 3178 μελι,
572 3102 643 3174 μήτε
666 3100 792 3175 μέλισσα.

963 3185 1051 3234 (Sapph.
1067 3183 1198 3224 Schneidew.
1215 3184 1297 3224 Deloet.
1312 3195 1333 3233 p.
1349 3183 1405 3233 ³06.)

210 3289 336 3350 *-*‘0
360 3289 416 3372 ίδίρ
435 3294 563 3370 πονηρὸς
577 3293 626 3352 ουκ
648 3293 680 3351 σίν
702 3313 768 3350 ποτε
790 3294 896 3372 γένοιτο
920 3292 1037 3375 δημοσίᾳ
1059 3294 1187 3372 χρηστός.

1135 3393 1245 3442 (Αοεοίιίιι.
1260 3392 1404 3442 ctesiphont.)

209 3463 306 3544 Οίμοι,
329 3465 498 3544 κακούργους
521 3464 621 3544 ἄνδρας
644 3467 682 3536 ὡς
705 3462 749 3522 οἰεί
771 3471 871 3544 στυγῶ,

209 3571 237 3628 οἳ
260 3570 425 3640 συντιθέντες
446 3567 546 3650 τᾶδικ’,
570 3563 629 3628 εἶτα
652 3572 792 3646 μηχαναῖς

208 3677 366 3748 κοσμοῦσιν.

1195 3757 1230 3808 (Ε,
1242 3755 1288 3805 Ιοιι,
1302 3757 1405 3807 Βθθεηη.)

209 3863 335 3942 Ὁμοίως
358 3864 507 3946 ἐπισφαλὲς
531 3867 686 3945 μαινομένῳ
710 3866 801 3926 δοῦναι
824 3869 963 3946 μάχαιραν
986 3865 1032 3925 καὶ
1054 3865 1186 3943 μοχθηρῷ
1209 3866 1329 3940 δύναμιν.

559 3954 563 3962 ’
1059 3965 1180 4018 (ιιηιιιιι,
1196 3967 1255 4008 εισι.
1271 3967 1347 4016 mn,
1362 3969 1415 4020 τι.)

209 4088 218 4102 .
243 4087 250 4100 .
275 4085 282 4099 .
308 4033 348 4110 οἷς
370 4039 423 4120 γὰρ
446 4042 464 4114 ἠ
487 4043 584 4119 γνώμη
606 4046 700 4100 κακῶν

209 4147 301 4224 μήτηρ
323 4145 446 4223 γένηται,
469 4145 561 4204 τιίλλα
583 4145 704 4208 παιδεύει
728 4147 812 4206 κακοί.

1155 4229 1186 4279 (S.
1199 4227 1290 4268 Philoct.
1302 4229 1352 4270 1300
1362 4228 1404 4278 ιτς.)

209 4297 340 4371 ὀιειδος
364 4300 479 4381 αίσκρδς
501 4301 570 4382 βίος,
594 4303 670 4377 ὅμως
692 4305 744 4360 *ἂν
766 4301 835 4377 ἡδὺς
856 4298 884 4384 ᾖ’
1023 4385 1080 4434 rnen
1105 4384 1202 4426 Momm
1225 4397 1238 4425 ι
1261 4384 1290 4426 ιν
1312 4397 1325 4435 1>
1348 4385 1404 4435 σοι)

208 4453 298 4518 Ὅταν
321 4461 408 4530 κακός
430 4479 471 4531 τις
494 4460 523 4518 έν
544 4458 626 4520 πόλει
648 4461 755 4542 προίσσῃ
778 4459 885 4538 καλῶς,

206 4565 296 4621 νοσεῖν
319 4562 405 4639 τίθησι
427 4567 480 4623 τῶν
504 4559 654 4639 ἀμεινόνων
677 4565 785 4643 φρένας,

207 4667 374 4748 παράδειγμ’
389 4668 506 4746 ἔχοντας
527 4673 581 4728 τῶν
603 4673 697 4728 κακῶν
721 4665 853 4740 ἐξουσίαν.

1155 4749 1189 4798 (ν.
1204 4751 1239 4792 Fr.
1250 4749 1333 4802 Polym.
1346 4749 1404 4800 111.)
