3532 5500
877 530 1115 594 -272-

402 718 482 781 Οὔτοι
505 723 624 797 νόμισμα
646 722 748 794 λευκδς
771 723 887 804 ἄργυρος
909 726 1002 804 μόνον,

399 824 446 886 καὶ
467 827 568 906 χρυσός
591 827 670 906 ἐστιν,
694 827 772 888 ἀλλὰ
793 827 896 910 κάρετὴ
920 829 1027 909 βροτοῖς

400 933 519 1007 νόμισμα
540 932 629 991 κεῖται
650 937 739 1012 πᾶσιν,
762 926 781 1014 ᾖ
803 935 922 1014 χρῆσθαι
943 937 1045 1014 χρεών.

1358 1023 1392 1073 (ιι.
1407 1023 1443 1064 ιω.
1458 1023 1527 1074 υοιιρ.
1541 1024 1580 1073 11.)

399 1087 550 1169 Τάργθριον
574 1073 828 1169 εἷναι,’μειράκιθν,
852 1110 893 1149 σοι
915 1090 1036 1170 φαίνεται

400 1195 430 1254 σὺ
452 1199 505 1254 τῶν
528 1193 684 1272 ἀναγκαίων
706 1194 769 1253 καθ’
782 1195 889 1275 ἡμέραν
913 1199 996 1270 μόνον

399 1299 480 1373 τιμὴν
501 1301 653 1379 παρασχεῖν
676 1298 797 1378 δυνατδν,
820 1300 919 1380 ἄρτων,
942 1300 1072 1382 ἀλφίτων,

399 1400 488 1484 ὄξους,
513 1403 618 1484 ἐλαίου,
642 1402 765 1478 μείζονος
788 1404 812 1463 δ’
826 1400 918 1464 άλλου
939 1409 1019 1478 τινές.

399 1507 549 1580 ἀθανασίας
572 1509 658 1568 δὀίικ
680 1511 760 1584 ἔστιν,
785 1508 841 1569 οὔδ’
854 1507 877 1570 εἰ
900 1515 1057 1593 συναγάγῃς

398 1613 432 1673 τὰ
454 1614 597 1674 Ταντάλου
620 1615 732 1674 τάλαντ’
746 1615 838 1675 ἐκεῖνα
860 1616 1013 1695 λεγόμενα,

399 1719 467 1778 ἀλλ’
480 1721 512 1778 ἂν
535 1719 682 1800 ἀποθάνῃς,
706 1724 789 1780 ταῦτα
811 1719 989 1798 καταλείψεις
1010 1721 1086 1784 τισίν.

397 1823 423 1882 τί
444 1819 491 1882 οὖν
512 1823 606 1903 λέγω,
629 1825 692 1900 μητ’
706 1824 795 1903 αὐτδς,
819 1823 843 1884 εί
866 1825 957 1904 σφόδρ’
970 1827 1104 1907 εὐπορεῖς,

397 1927 504 1988 πίστευε
526 1929 620 2009 τούτῳ,
645 1931 715 2003 μήτε
738 1935 791 1988 τῶν
812 1936 930 2008 πτωχῶν
952 1928 1036 1991 πάλιν

397 2034 476 2109 ἡμῶν
498 2033 670 2111 καταφρόνει,
692 2036 739 2092 τοῦ
762 2033 794 2092 δέ
815 2040 843 2113 γ’
856 2034 977 2112 εὐτυχεῖν
1000 2033 1044 2094 ἀεὶ

398 2139 505 2216 πάρεχε
528 2138 637 2196 σεαυτδν
659 2140 716 2210 τοῖς
737 2142 867 2218 παροῦσιν
890 2135 973 2210 άξιον.

1116 2225 1181 2274 (Men.
1197 2225 1274 2268 ίιιυειθ.
1289 2227 1395 2272 Mainake.
1410 2241 1430 2269 v.
1446 2229 1482 2278 fv,
1497 2241 1516 2280 μ
1531 2231 1581 2279 156.)

397 2293 548 2375 Τάργίιριάν
572 2295 642 2354 ἐστιν
665 2286 733 2370 αἷμα
755 2293 802 2354 καί
825 2295 898 2372 ψυχὴ
922 2295 1037 2376 βροτοῖς.

291 2399 294 2406 “
397 2400 468 2469 ὅστις
492 2398 524 2458 δὲ
547 2400 585 2476 μὴ
609 2400 679 2482 ἔχει,
702 2402 780 2460 τοῦτο
804 2399 870 2476 μήδ’
885 2401 1028 2481 ἐκτήσατο,
1066 2441 1067 2444 =

397 2497 475 2576 οὗτος
498 2504 569 2578 μετὰ
591 2505 699 2575 ζώντων
721 2505 860 2580 τεθνηκὼς
881 2509 1031 2584 περιπατεῖ.

1062 2590 1176 2642 (Timeles
1190 2591 1266 2634 incon.
1281 2591 1387 2643 Mainake,
1404 2605 1426 2634 v.
1441 2594 1481 2641 ΠΙ.
1495 2607 1515 2645 μ
1530 2597 1582 2646 812.)

396 2661 436 2720 Τδ
457 2667 507 2738 τῆς
530 2659 702 2737 Ἀμαλθείας
725 2661 817 2732 δοκεῖς
840 2657 909 2722 εἶναι
932 2663 1026 2743 κέρας,

398 2758 453 2825 οἷον
475 2768 620 2846 γράφουσιν
644 2765 668 2825 οῖ
690 2769 804 2846 γραφεῖς
825 2767 911 2846 κέρας
934 2767 1012 2848 βοάς,

397 2869 521 2951 ἀργύριόν
546 2871 615 2930 ἐστι·
638 2871 708 2930 τοῦτ’
722 2871 770 2930 ἐὰν
794 2872 872 2950 ἔχῃς,
895 2871 965 2950 λέγε

396 2976 464 3055 πρδς
486 2975 593 3050 τοῦθ’,δ
616 2973 720 3056 βούλει,
742 2979 830 3035 πάντα
853 2995 893 3036 σοι
916 2980 1075 3055 γενήσεται·

396 3079 470 3158 φίλοι
493 3077 598 3159 βοηθοὶ,
623 3081 765 3161 μάρτυρες,
790 3079 927 3143 συνοικίαι.

1187 3167 1287 3220 (Philam.
1302 3168 1409 3218 θίεῖιιεθε,
1424 3181 1443 3210 v.
1459 3168 1493 3214 lv.
1507 3181 1527 3220 p.
1541 3169 1580 3218 ευ.)

812 3295 984 3364 Perfidia
1006 3318 1036 3362 ν.
1060 3297 1164 3364 Fides.

529 3462 870 3548 Peregrinat10(0f.
898 3463 1059 3548 Exsilium,
1083 3465 1198 3550 Patria,
1223 3465 1452 3553 Hospitalitas).

395 3607 520 3683 Ξενιτείη
544 3607 602 3682 βίου
626 3609 787 3692 αῐιιάρκειαν
811 3605 943 3686 διδάσκει,
968 3609 1042 3682 μάζα
1064 3609 1119 3688 γὰρ
1141 3607 1188 3668 καὶ
1212 3610 1306 3685 στιβὰς
1328 3610 1411 3684 λιμοῦ
1432 3607 1478 3669 καί
1501 3610 1579 3670 κόπον

394 3712 551 3790 γλυκθτατα
574 3709 685 3786 ἰάματα.

1275 3798 1383 3849 (Democr.
1397 3797 1454 3840 θῖυθ.
1466 3797 1542 3842 mx.
1551 3797 1579 3846 θ.)

316 3953 319 3958 ,
398 3883 486 3957 Ξένος
511 3882 579 3966 ἀνὴρ
604 3885 708 3957 δίκαιος
729 3886 761 3945 οὺ
783 3886 866 3962 μάνον
887 3885 1010 3965 πολίτου,
1034 3883 1112 3947 ἀλλὰ
1134 3885 1181 3946 καὶ
1203 3892 1351 3966 συγγενοῦς
1374 3887 1500 3968 διαφέρει.

1305 3989 1405 4042 (Pythag.
1420 3991 1477 4032 εισι.
1492 3989 1526 4037 ιιι,
1539 3989 1578 4040 τι.)

360 4095 364 4106 =
396 4107 403 4120 .
429 4105 436 4119 .
461 4104 469 4118 .
493 4058 588 4118 πολλά
612 4080 643 4119 σε
666 4060 744 4136 ζηλῶ
767 4058 836 4139 βίον,

396 4163 518 4237 μάλιστα
541 4161 604 4222 δἐἰ
628 4169 682 4243 γῆς
704 4165 742 4240 μὴ
764 4165 926 4245 πεπείρασαι
948 4162 1038 4242 ξένης·
1435 4251 1459 4303 (s
1480 4251 1492 4290 γ
1527 4249 1577 4296 ως)

1460 4280 1465 4290 .
1490 4251 1513 4292 “τ.

719 4379 934 4448 Periculum
957 4379 1012 4470 (cf.
1036 4380 1263 4470 Experientia).

394 4513 474 4572 Δυοῖν
496 4511 626 4572 κινδύνοιν
649 4513 849 4594 ὑπερκειμένου
873 4513 1020 4594 ἀναγκαῖὸν
1044 4515 1099 4574 ἐστι
1122 4517 1236 4596 θατέρου
1258 4521 1417 4596 μετασχεῖν.

395 4651 447 4710 Ἐκ
469 4655 515 4710 τοῦ
536 4652 625 4728 πφλοιῖ
646 4650 734 4723 πόδας
757 4653 842 4730 έχεις.
