3516 5500
717 541 952 607 -355-

239 780 568 797 ...........
592 737 666 814 φιλεῖ
687 734 741 817 γὰρ
763 738 782 813 ἡ
805 735 899 816 μακρά
920 735 1043 795 συνουσία

237 837 338 899 καὶτὰ
362 841 497 916 συμπόσια
518 839 551 899 τὰ
573 840 669 900 πολλὰ
691 838 738 902 καί
760 841 941 921 πενθήμερον
962 843 1048 900 ποιεῖν

238 949 349 1022 σκῶψιν.
372 947 390 1019 ἡ
414 949 517 1024 σκῶψις
540 943 571 1004 θὲ
593 944 674 1005 λυπεῖ
694 945 801 1026 πλεῖον,
824 949 842 1020 ἢ
865 945 968 1026 τέρπει,
990 944 1077 1004 πολί·

237 1052 283 1108 τοῦ
305 1055 400 1119 κακῶς
422 1049 517 1128 λέγειν
539 1049 593 1130 γὰρ
616 1049 688 1131 σίρχὴ
711 1047 804 1129 γίνετ’.
829 1052 861 1108 ἂν
885 1047 909 1106 θ’
923 1048 1004 1132 εἴπῃς
1027 1046 1109 1126 ἅπαξ,

242 1152 318 1222 εῖιθῖις
341 1152 519 1232 ἀντήκουσας,
541 1153 595 1230 ἤδη
618 1152 803 1233 λοιδορεῖσθαι
823 1153 958 1232 λείπεται,

240 1250 300 1315 είτα
321 1258 463 1316 τύπτεσθαι
487 1257 634 1338 δέδεικται,
657 1256 704 1319 καί
728 1259 875 1339 παροινεῖν.

1044 1339 1113 1392 (Alex.
1128 1339 1235 1390 Meineke,
1250 1353 1269 1383 v.
1286 1340 1325 1390 111,
1340 1353 1360 1392 p.
1375 1341 1432 1392 45⁴.)

239 1414 381 1493 Χαλεπθν,
405 1416 470 1475 ὅταν
491 1435 531 1486 τις
552 1408 591 1474 ὧν
612 1414 671 1498 πίῃ,
694 1415 780 1476 πλέον
803 1415 890 1496 λαλῇ,

240 1517 327 1594 μηδὲν
349 1519 492 1600 κατειδὼς,
515 1519 594 1580 ἀλλὰ
614 1520 854 1601 προσποιούμενος.

956 1603 1022 1654 (θέσιν.
1037 1601 1113 1642 iucem.
1129 1601 1235 1650 Μσὶσολε,
1249 1613 1270 1642 ν.
1286 1600 1322 1650 [V.
1337 1613 1357 1652 μ.
1373 1601 1431 1652 256.)

241 1721 247 1734 .
273 1721 279 1734 .
305 1723 312 1736 .
338 1670 415 1762 [χρὴ]
440 1676 470 1736 θὲ
493 1677 631 1737 πάσασθαι

240 1779 311 1839 σίτου
333 1779 380 1840 καί
402 1781 501 1842 οἴνοιο·
525 1784 555 1842 τθ
578 1777 631 1862 γὰρ
655 1782 738 1857 μένος
760 1779 816 1840 ἐστὶ
833 1779 885 1840 ’καὶ
908 1780 994 1856 ἀλκή.

1143 1862 1215 1914 (Hom.
1231 1861 1257 1904 11.
1272 1862 1326 1912 xlx,
1342 1865 1380 1905 160
1389 1861 1433 1912 sq.)

240 1933 278 1997 Ὦ
300 1941 365 1998 πᾶσι
386 1941 442 2010 τοῖς
464 1941 586 2020 φρονοῦσι
606 1937 821 2020 προσφιλέστατε

240 2043 351 2102 Διόνυσε
374 2041 422 2102 καὶ
443 2040 587 2124 σοφώταθ’,
611 2045 650 2116 ὡς
671 2043 737 2120 ἡδὺς
758 2063 798 2114 τις
822 2037 863 2101 εί·

239 2147 270 2218 ὃς
293 2149 338 2207 τθν
360 2149 485 2208 ταπεινὸν
509 2149 582 2226 μέγα
605 2150 710 2229 φρονεῖν
732 2151 820 2218 ποιεῖς
843 2149 936 2223 μόνος,

240 2253 285 2310 τ’σν
308 2251 357 2324 τὰς
380 2251 458 2332 ὀφρῦς
480 2250 591 2334 αἴροντα
613 2251 769 2328 συμπείθεις
790 2250 889 2330 γελᾶν,

240 2357 285 2416 τάν
307 2353 331 2416 τ’
343 2355 443 2432 ἀσθενῆ
466 2358 572 2432 τολμᾶν
594 2378 628 2436 τι,
651 2358 696 2416 τὀν
720 2355 813 2416 δειλθν
836 2355 943 2436 θρασύν.

938 2437 1027 2490 (Diphil.
1042 2437 1117 2480 ῖινσοιθ.
1134 2437 1239 2486 Μεῖυελε,
1254 2448 1273 2478 ν.
1290 2437 1325 2485 lv,
1341 2449 1360 2486 μ.
1376 2439 1432 2488 115.)

241 2511 291 2584 Ὣς
314 2512 364 2572 ουκ
385 2513 508 2592 άνετιτθς,
532 2514 613 2594 ὅστις,
636 2515 654 2588 ἢ
676 2513 804 2593 πάροινος
826 2515 875 2590 ὢν,

240 2615 326 2691 imi
349 2620 489 2696 μεμηνὼς,
514 2615 553 2690 εἰς
576 2619 626 2694 μέν
650 2619 729 2678 αὑτθν
752 2618 878 2697 ἀσφαλὴς

241 2720 285 2780 ἀεί
307 2723 366 2781 ποτ’
381 2723 461 2803 ἐστιν,
485 2720 525 2794 εἰς
548 2722 579 2782 δὲ
602 2722 663 2794 τοὺς
684 2722 774 2794 πέλας
797 2725 878 2784 νοσεῖ.

1108 2803 1221 2856 (Sciamus,
1236 2803 1295 2844 stab.
1312 2803 1387 2852 xvili.
1402 2805 1433 2852 θ.)

455 3023 582 3111 virgo,
607 3023 660 3106 (ef.
684 3024 824 3108 Femina,
847 3023 937 3107 Filia,
961 3023 1216 3108 Matrimonium).

242 3240 249 3254 .
275 3241 282 3254 .
307 3239 314 3251 .
338 3193 457 3275 θυγάτηρ
479 3191 562 3269 κτῆμ’
576 3193 647 3254 ἐστιν
670 3193 793 3274 ἐργῶδες
814 3193 902 3274 πατρί.

1067 3275 1133 3326 (mn.
1148 3274 1254 3324 mineio,
1269 3287 1289 3315 v.
1305 3274 1340 3323 lv,
1355 3286 1375 3324 p.
1390 3274 1433 3323 σε.)

245 3348 373 3431 Θυγάτηρ
397 3347 542 3432 ἑπίγαμθς,
564 3353 616 3410 Ἂᾶί
640 3350 714 3422 ὅλως
737 3350 824 3426 μηδὲν
846 3348 935 3432 miii

244 3454 289 3514 διὰ
311 3458 357 3515 τοῦ
380 3461 483 3516 σιωπᾶν
505 3455 621 3515 πλεῖστοι
643 3453 704 3536 περὶ
728 3455 810 3530 αὐτῆς
832 3455 921 3532 λέγει.

960 3537 1026 3588 (Men.
1041 3535 1118 3576 incert.
1133 3535 1238 3584 hiemem.
1253 3547 1273 3576 ν.
1289 3535 1325 3584 Ν,
1340 3547 1360 3585 μ.
1375 3535 1432 3585 161.)

245 3659 251 3672 .
279 3657 286 3672 .
313 3659 319 3672 .
342 3611 423 3693 πατρὶ
446 3611 562 3672 δὀὒθὲν
583 3611 659 3686 ἥδιον

241 3719 350 3799 γέροντι
373 3719 515 3798 θυγατρός.

1189 3798 1223 3849 (E.
1240 3797 1313 3848 Suppl.
1331 3799 1379 3838 1101
1390 3799 1433 3848 sq.)

223 3874 252 3935 ’.
278 3923 284 3936 .
309 3921 317 3936 .
341 3875 373 3933 σὲ
396 3873 542 3953 βούλομαι,

241 3981 306 4040 ὅταν
330 3978 380 4054 μὲν
402 3976 437 4062 ᾖς
459 3981 533 4058 παῖς,
559 3979 597 4054 μὴ
620 3978 706 4039 πλέον
728 3975 825 4050 παιδος
847 3980 966 4058 φρονεῖν·

243 4084 271 4142 έν
293 4085 440 4164 παρθένοις
463 4083 494 4142 δὲ
516 4085 650 4163 παρθένου
672 4086 786 4163 τρίπους
809 4083 892 4161 ἔχειν.

1191 4165 1224 4214 (θλ
1240 4165 1274 4204 m.
1291 4163 1371 4205 Ρσίίινθ.
1389 4163 1433 4214 Vl.)

244 4240 376 4300 Χαλεπὸν
398 4259 432 4317 γε
456 4240 574 4320 θυγάτηρ
597 4245 689 4315 κτῆμα
711 4237 758 4299 καὶ
781 4238 961 4300 δυσδιάθετον.

1066 4322 1132 4371 (Men.
1146 4320 1252 4371 Μοῖηεῖιε,
1267 4332 1288 4360 ν.
1304 4321 1339 4368 IV,
1354 4331 1374 4370 p.
1390 4321 1433 4370 76.)

536 4515 617 4601 vir,
641 4515 780 4581 virilitas
804 4515 857 4602 (ef.
881 4515 997 4600 VirtuS,
1020 4514 1145 4600 Fortis).

243 4677 341 4738 Στῦλοι
365 4677 419 4758 γὰρ
443 4676 524 4738 α’ίαων
546 4677 642 4750 παῖδές
665 4675 730 4738 εἰσιν
754 4679 874 4758 άρσενες.
1219 4756 1245 4806 OE
1269 4755 1314 4795 lh,
1352 4756 1368 4796 Τ
1390 4755 1433 4806 m)

1247 4787 1252 4796 .
1279 4767 1337 4808 pig.
1370 4787 1376 4797 .
1418 4786 1422 4796 .

1228 4827 1278 4876 23*
