<?xml version="1.0" encoding="UTF-8"?>
<!DOCTYPE html PUBLIC "-//W3C//DTD XHTML 1.0 Transitional//EN"
    "http://www.w3.org/TR/xhtml1/DTD/xhtml1-transitional.dtd">
<html xmlns="http://www.w3.org/1999/xhtml" xml:lang="en" lang="en">
 <head>
  <title>
</title>
<meta http-equiv="Content-Type" content="text/html;charset=utf-8" />
  <meta name='ocr-system' content='tesseract 3.04.00' />
  <meta name='ocr-capabilities' content='ocr_page ocr_carea ocr_par ocr_line ocrx_word'/>
</head>
<body>
  <div class='ocr_page' id='page_1' title='image "./gnmaisivethesau00hngoog_0233.png"; bbox 0 0 3532 5500; ppageno 0'>
   <div class='ocr_carea' id='block_1_1' title="bbox 875 508 1161 572">
    <p class='ocr_par' dir='ltr' id='par_1_1' title="bbox 875 508 1161 572">
     <span class='ocr_line' id='line_1_1' title="bbox 875 508 1161 572; baseline 0.021 -18"><span class='ocrx_word' id='word_1_1' title='bbox 875 508 1161 572; x_wconf 62' lang='lat'>.204..⁴</span> 
     </span>
    </p>
   </div>
   <div class='ocr_carea' id='block_1_2' title="bbox 398 700 997 782">
    <p class='ocr_par' dir='ltr' id='par_1_2' title="bbox 398 700 997 782">
     <span class='ocr_line' id='line_1_2' title="bbox 398 700 997 782; baseline 0.008 -25"><span class='ocrx_word' id='word_1_2' title='bbox 398 700 501 777; x_wconf 79' lang='grc' dir='ltr'>ψυχρόν</span> <span class='ocrx_word' id='word_1_3' title='bbox 522 701 743 778; x_wconf 81' lang='grc' dir='ltr'>παραγκαίλισμα</span> <span class='ocrx_word' id='word_1_4' title='bbox 764 705 841 760; x_wconf 82' lang='grc' dir='ltr'>τούτο</span> <span class='ocrx_word' id='word_1_5' title='bbox 864 702 997 782; x_wconf 83' lang='grc' dir='ltr'>γίγνεται,</span> 
     </span>
    </p>
   </div>
   <div class='ocr_carea' id='block_1_3' title="bbox 397 799 1586 947">
    <p class='ocr_par' dir='ltr' id='par_1_3' title="bbox 397 799 1586 947">
     <span class='ocr_line' id='line_1_3' title="bbox 397 799 889 880; baseline -0.008 -12"><span class='ocrx_word' id='word_1_6' title='bbox 397 803 465 880; x_wconf 73' lang='grc' dir='ltr'>γυνὴ</span> <span class='ocrx_word' id='word_1_7' title='bbox 487 804 561 878; x_wconf 79' lang='grc' dir='ltr'>κακὴ</span> <span class='ocrx_word' id='word_1_8' title='bbox 585 799 708 876; x_wconf 75' lang='grc' dir='ltr'><strong>ξύνευνος</strong></span> <span class='ocrx_word' id='word_1_9' title='bbox 732 804 761 864; x_wconf 88' lang='grc' dir='ltr'>ἐν</span> <span class='ocrx_word' id='word_1_10' title='bbox 785 805 889 880; x_wconf 87' lang='grc' dir='ltr'>δόμοις.</span> 
     </span>
     <span class='ocr_line' id='line_1_4' title="bbox 1309 895 1586 947; baseline 0 -12"><span class='ocrx_word' id='word_1_11' title='bbox 1309 895 1341 944; x_wconf 80' lang='lat' dir='ltr'>(S.</span> <span class='ocrx_word' id='word_1_12' title='bbox 1356 895 1473 946; x_wconf 65' lang='lat' dir='ltr'><strong>Antigone.</strong></span> <span class='ocrx_word' id='word_1_13' title='bbox 1488 897 1586 947; x_wconf 65' lang='grc' dir='ltr'>Μέσης.)</span> 
     </span>
    </p>
   </div>
   <div class='ocr_carea' id='block_1_4' title="bbox 398 969 1005 1260">
    <p class='ocr_par' dir='ltr' id='par_1_4' title="bbox 398 969 1005 1260">
     <span class='ocr_line' id='line_1_5' title="bbox 399 969 1005 1055; baseline 0.007 -27"><span class='ocrx_word' id='word_1_14' title='bbox 399 969 550 1049; x_wconf 88' lang='grc' dir='ltr'>Μοχθηρόν</span> <span class='ocrx_word' id='word_1_15' title='bbox 574 971 645 1030; x_wconf 89' lang='grc' dir='ltr'>ἐστιν</span> <span class='ocrx_word' id='word_1_16' title='bbox 667 969 743 1051; x_wconf 87' lang='grc' dir='ltr'>ἀνδρὶ</span> <span class='ocrx_word' id='word_1_17' title='bbox 764 973 900 1055; x_wconf 82' lang='grc' dir='ltr'>πρεσβύτῃ</span> <span class='ocrx_word' id='word_1_18' title='bbox 922 973 1005 1032; x_wconf 88' lang='grc' dir='ltr'>τέκνα</span> 
     </span>
     <span class='ocr_line' id='line_1_6' title="bbox 398 1073 953 1155; baseline 0.005 -22"><span class='ocrx_word' id='word_1_19' title='bbox 398 1073 516 1153; x_wconf 88' lang='grc' dir='ltr'>δίδωσιν,</span> <span class='ocrx_word' id='word_1_20' title='bbox 539 1076 612 1145; x_wconf 84' lang='grc' dir='ltr'>ὅστις</span> <span class='ocrx_word' id='word_1_21' title='bbox 633 1076 723 1134; x_wconf 84' lang='grc' dir='ltr'>αύκέθ</span> <span class='ocrx_word' id='word_1_22' title='bbox 736 1077 836 1155; x_wconf 85' lang='grc' dir='ltr'>ὡραῖος</span> <span class='ocrx_word' id='word_1_23' title='bbox 858 1081 953 1154; x_wconf 89' lang='grc' dir='ltr'>γαμεῖ.</span> 
     </span>
     <span class='ocr_line' id='line_1_7' title="bbox 398 1177 957 1260; baseline 0.004 -23"><span class='ocrx_word' id='word_1_24' title='bbox 398 1178 528 1238; x_wconf 88' lang='grc' dir='ltr'>δέσποινα</span> <span class='ocrx_word' id='word_1_25' title='bbox 549 1177 603 1260; x_wconf 84' lang='grc' dir='ltr'>γὰρ</span> <span class='ocrx_word' id='word_1_26' title='bbox 625 1181 733 1260; x_wconf 82' lang='grc' dir='ltr'>γέροντι</span> <span class='ocrx_word' id='word_1_27' title='bbox 754 1179 858 1259; x_wconf 86' lang='grc' dir='ltr'>νυμφίῳ</span> <span class='ocrx_word' id='word_1_28' title='bbox 879 1184 957 1259; x_wconf 76' lang='grc' dir='ltr'>γυνή.</span> 
     </span>
    </p>
   </div>
   <div class='ocr_carea' id='block_1_5' title="bbox 1345 1269 1586 1320">
    <p class='ocr_par' dir='ltr' id='par_1_5' title="bbox 1345 1269 1586 1320">
     <span class='ocr_line' id='line_1_8' title="bbox 1345 1269 1586 1320; baseline 0.008 -12"><span class='ocrx_word' id='word_1_29' title='bbox 1345 1269 1379 1319; x_wconf 79' lang='grc' dir='ltr'>(Ε,</span> <span class='ocrx_word' id='word_1_30' title='bbox 1394 1269 1430 1311; x_wconf 82' lang='lat' dir='ltr'>Fr.</span> <span class='ocrx_word' id='word_1_31' title='bbox 1445 1269 1545 1316; x_wconf 79' lang='lat' dir='ltr'>Phoenix.</span> <span class='ocrx_word' id='word_1_32' title='bbox 1559 1270 1586 1320; x_wconf 85' lang='grc' dir='ltr'>Ι.)</span> 
     </span>
    </p>
   </div>
   <div class='ocr_carea' id='block_1_6' title="bbox 395 1353 1082 1852">
    <p class='ocr_par' dir='ltr' id='par_1_6' title="bbox 395 1353 1082 1852">
     <span class='ocr_line' id='line_1_9' title="bbox 395 1353 1082 1436; baseline 0.007 -24"><span class='ocrx_word' id='word_1_33' title='bbox 395 1353 474 1412; x_wconf 92' lang='grc' dir='ltr'>Ὅσοι</span> <span class='ocrx_word' id='word_1_34' title='bbox 497 1357 613 1432; x_wconf 84' lang='grc' dir='ltr'>γαμοῦσι</span> <span class='ocrx_word' id='word_1_35' title='bbox 637 1353 694 1428; x_wconf 76' lang='grc' dir='ltr'>δ’έ,</span> <span class='ocrx_word' id='word_1_36' title='bbox 717 1356 792 1432; x_wconf 90' lang='grc' dir='ltr'>γένει</span> <span class='ocrx_word' id='word_1_37' title='bbox 814 1355 954 1434; x_wconf 79' lang='grc' dir='ltr'>κρείσσους</span> <span class='ocrx_word' id='word_1_38' title='bbox 976 1359 1082 1436; x_wconf 78' lang='grc' dir='ltr'>γάμους</span> 
     </span>
     <span class='ocr_line' id='line_1_10' title="bbox 396 1454 1068 1540; baseline 0.01 -24"><span class='ocrx_word' id='word_1_39' title='bbox 396 1460 414 1532; x_wconf 79' lang='grc' dir='ltr'><strong>ἡ</strong></span> <span class='ocrx_word' id='word_1_40' title='bbox 437 1454 534 1518; x_wconf 86' lang='grc' dir='ltr'>πολλὰ</span> <span class='ocrx_word' id='word_1_41' title='bbox 554 1459 686 1539; x_wconf 81' lang='grc' dir='ltr'>χρήματ’,</span> <span class='ocrx_word' id='word_1_42' title='bbox 711 1461 761 1519; x_wconf 88' lang='grc' dir='ltr'>σύκ</span> <span class='ocrx_word' id='word_1_43' title='bbox 783 1457 937 1520; x_wconf 85' lang='grc' dir='ltr'>ἐπίστανται</span> <span class='ocrx_word' id='word_1_44' title='bbox 959 1465 1068 1540; x_wconf 85' lang='grc' dir='ltr'>γαμεῖν.</span> 
     </span>
     <span class='ocr_line' id='line_1_11' title="bbox 396 1561 1072 1642; baseline 0.007 -23"><span class='ocrx_word' id='word_1_45' title='bbox 396 1561 430 1620; x_wconf 81' lang='grc' dir='ltr'>τὰ</span> <span class='ocrx_word' id='word_1_46' title='bbox 450 1567 501 1637; x_wconf 83' lang='grc' dir='ltr'>τῆς</span> <span class='ocrx_word' id='word_1_47' title='bbox 523 1564 650 1641; x_wconf 83' lang='grc' dir='ltr'>γυναικός</span> <span class='ocrx_word' id='word_1_48' title='bbox 672 1563 725 1642; x_wconf 85' lang='grc' dir='ltr'>γὰρ</span> <span class='ocrx_word' id='word_1_49' title='bbox 748 1567 887 1642; x_wconf 81' lang='grc' dir='ltr'>κρατοῦντ’</span> <span class='ocrx_word' id='word_1_50' title='bbox 899 1565 927 1623; x_wconf 88' lang='grc' dir='ltr'>ἐν</span> <span class='ocrx_word' id='word_1_51' title='bbox 951 1562 1072 1640; x_wconf 82' lang='grc' dir='ltr'>δώμασιν</span> 
     </span>
     <span class='ocr_line' id='line_1_12' title="bbox 397 1665 1047 1750; baseline 0.008 -25"><span class='ocrx_word' id='word_1_52' title='bbox 397 1665 492 1726; x_wconf 89' lang='grc' dir='ltr'>δουλοῖ</span> <span class='ocrx_word' id='word_1_53' title='bbox 512 1669 558 1726; x_wconf 86' lang='grc' dir='ltr'>τδν</span> <span class='ocrx_word' id='word_1_54' title='bbox 580 1668 676 1748; x_wconf 80' lang='grc' dir='ltr'>ἄνδρα,</span> <span class='ocrx_word' id='word_1_55' title='bbox 698 1669 872 1728; x_wconf 84' lang='grc' dir='ltr'>κούκέτ’·έστ’</span> <span class='ocrx_word' id='word_1_56' title='bbox 886 1668 1047 1750; x_wconf 85' lang='grc' dir='ltr'>ἐλεύθερος·</span> 
     </span>
     <span class='ocr_line' id='line_1_13' title="bbox 395 1771 1051 1852; baseline 0.006 -24"><span class='ocrx_word' id='word_1_57' title='bbox 395 1771 512 1843; x_wconf 84' lang='grc' dir='ltr'>πλοῦτος</span> <span class='ocrx_word' id='word_1_58' title='bbox 535 1772 559 1831; x_wconf 85' lang='grc' dir='ltr'>δ’</span> <span class='ocrx_word' id='word_1_59' title='bbox 573 1773 691 1842; x_wconf 71' lang='grc' dir='ltr'>ἐπακτὸς</span> <span class='ocrx_word' id='word_1_60' title='bbox 715 1773 748 1832; x_wconf 86' lang='grc' dir='ltr'>έκ</span> <span class='ocrx_word' id='word_1_61' title='bbox 769 1775 930 1850; x_wconf 79' lang='grc' dir='ltr'>γυναικείων</span> <span class='ocrx_word' id='word_1_62' title='bbox 953 1778 1051 1852; x_wconf 83' lang='grc' dir='ltr'>γάμων</span> 
     </span>
    </p>
   </div>
   <div class='ocr_carea' id='block_1_7' title="bbox 396 1876 1585 2115">
    <p class='ocr_par' dir='ltr' id='par_1_7' title="bbox 396 1876 1585 2115">
     <span class='ocr_line' id='line_1_14' title="bbox 399 1876 1013 1960; baseline 0.007 -25"><span class='ocrx_word' id='word_1_63' title='bbox 399 1876 549 1952; x_wconf 82' lang='grc' dir='ltr'>ἀνόνητος·</span> <span class='ocrx_word' id='word_1_64' title='bbox 575 1877 603 1936; x_wconf 92' lang='grc' dir='ltr'>αί</span> <span class='ocrx_word' id='word_1_65' title='bbox 625 1876 678 1957; x_wconf 78' lang='grc' dir='ltr'>γὰρ</span> <span class='ocrx_word' id='word_1_66' title='bbox 702 1877 839 1950; x_wconf 78' lang='grc' dir='ltr'>διαλύσεις</span> <span class='ocrx_word' id='word_1_67' title='bbox 861 1881 891 1938; x_wconf 87' lang='grc' dir='ltr'>σύ</span> <span class='ocrx_word' id='word_1_68' title='bbox 913 1876 1013 1960; x_wconf 78' lang='grc' dir='ltr'>ῥᾴδιαι.</span> 
     </span>
     <span class='ocr_line' id='line_1_15' title="bbox 1225 1965 1585 2017; baseline 0.006 -11"><span class='ocrx_word' id='word_1_69' title='bbox 1225 1965 1259 2015; x_wconf 73' lang='grc' dir='ltr'>(υ.</span> <span class='ocrx_word' id='word_1_70' title='bbox 1269 1965 1305 2006; x_wconf 70' lang='grc' dir='ltr'>τι.</span> <span class='ocrx_word' id='word_1_71' title='bbox 1319 1965 1436 2017; x_wconf 61' lang='lat' dir='ltr'><strong>uolumina.</strong></span> <span class='ocrx_word' id='word_1_72' title='bbox 1448 1965 1517 2008; x_wconf 77' lang='grc' dir='ltr'>νυιετ</span> <span class='ocrx_word' id='word_1_73' title='bbox 1526 1967 1585 2016; x_wconf 79' lang='lat' dir='ltr'>m.)</span> 
     </span>
     <span class='ocr_line' id='line_1_16' title="bbox 396 2027 908 2115; baseline -0.002 -23"><span class='ocrx_word' id='word_1_74' title='bbox 396 2031 453 2094; x_wconf 84' lang='lat'>**.</span> <span class='ocrx_word' id='word_1_75' title='bbox 478 2080 485 2092; x_wconf 90' lang='lat'><em>.</em></span> <span class='ocrx_word' id='word_1_76' title='bbox 510 2083 517 2096; x_wconf 89' lang='lat'>.</span> <span class='ocrx_word' id='word_1_77' title='bbox 541 2032 673 2094; x_wconf 73' lang='grc' dir='ltr'>οἰκόσιτον</span> <span class='ocrx_word' id='word_1_78' title='bbox 696 2033 806 2115; x_wconf 90' lang='grc' dir='ltr'>νυμφίον</span> <span class='ocrx_word' id='word_1_79' title='bbox 904 2027 908 2035; x_wconf 78' lang='grc'><strong>’</strong></span> 
     </span>
    </p>
   </div>
   <div class='ocr_carea' id='block_1_8' title="bbox 396 2137 1584 2278">
    <p class='ocr_par' dir='ltr' id='par_1_8' title="bbox 396 2137 1584 2278">
     <span class='ocr_line' id='line_1_17' title="bbox 396 2137 1524 2220; baseline 0.004 -22"><span class='ocrx_word' id='word_1_80' title='bbox 396 2137 460 2198; x_wconf 86' lang='grc' dir='ltr'>ούδὲ</span> <span class='ocrx_word' id='word_1_81' title='bbox 483 2137 613 2214; x_wconf 86' lang='grc' dir='ltr'>δεόμενον</span> <span class='ocrx_word' id='word_1_82' title='bbox 635 2141 747 2219; x_wconf 79' lang='grc' dir='ltr'>προικός</span> <span class='ocrx_word' id='word_1_83' title='bbox 768 2138 965 2220; x_wconf 76' lang='grc' dir='ltr'>ἐξευρήκαμεν.</span> <span class='ocrx_word' id='word_1_84' title='bbox 1517 2174 1524 2186; x_wconf 86' lang='grc'><em>·</em></span> 
     </span>
     <span class='ocr_line' id='line_1_18' title="bbox 1227 2225 1584 2278; baseline 0.003 -12"><span class='ocrx_word' id='word_1_85' title='bbox 1227 2227 1294 2277; x_wconf 74' lang='lat' dir='ltr'><strong>(Men.</strong></span> <span class='ocrx_word' id='word_1_86' title='bbox 1309 2226 1416 2275; x_wconf 69' lang='lat' dir='ltr'>Mainake,</span> <span class='ocrx_word' id='word_1_87' title='bbox 1431 2238 1452 2266; x_wconf 85' lang='lat' dir='ltr'>v.</span> <span class='ocrx_word' id='word_1_88' title='bbox 1465 2225 1501 2276; x_wconf 79' lang='lat' dir='ltr'>IV,</span> <span class='ocrx_word' id='word_1_89' title='bbox 1514 2237 1534 2278; x_wconf 77' lang='lat' dir='ltr'>p.</span> <span class='ocrx_word' id='word_1_90' title='bbox 1544 2227 1584 2276; x_wconf 73' lang='lat'>³9.)</span> 
     </span>
    </p>
   </div>
   <div class='ocr_carea' id='block_1_9' title="bbox 396 2304 999 2388">
    <p class='ocr_par' dir='ltr' id='par_1_9' title="bbox 396 2304 999 2388">
     <span class='ocr_line' id='line_1_19' title="bbox 396 2304 999 2388; baseline -0.002 -22"><span class='ocrx_word' id='word_1_91' title='bbox 396 2351 403 2366; x_wconf 88' lang='lat'><strong>.</strong></span> <span class='ocrx_word' id='word_1_92' title='bbox 429 2353 436 2366; x_wconf 99' lang='grc'>.</span> <span class='ocrx_word' id='word_1_93' title='bbox 462 2354 469 2368; x_wconf 91' lang='grc'>.</span> <span class='ocrx_word' id='word_1_94' title='bbox 493 2304 566 2376; x_wconf 80' lang='grc' dir='ltr'>ὅστις</span> <span class='ocrx_word' id='word_1_95' title='bbox 588 2305 657 2384; x_wconf 78' lang='grc' dir='ltr'>ἀνἠρ</span> <span class='ocrx_word' id='word_1_96' title='bbox 680 2306 784 2384; x_wconf 79' lang='grc' dir='ltr'>ἀγαθός</span> <span class='ocrx_word' id='word_1_97' title='bbox 805 2304 852 2364; x_wconf 81' lang='grc' dir='ltr'>καί</span> <span class='ocrx_word' id='word_1_98' title='bbox 876 2307 999 2388; x_wconf 79' lang='grc' dir='ltr'>ἐχέφρων</span> 
     </span>
    </p>
   </div>
   <div class='ocr_carea' id='block_1_10' title="bbox 393 2408 1583 2548">
    <p class='ocr_par' dir='ltr' id='par_1_10' title="bbox 393 2408 1583 2548">
     <span class='ocr_line' id='line_1_20' title="bbox 393 2408 870 2487; baseline 0.013 -21"><span class='ocrx_word' id='word_1_99' title='bbox 393 2410 442 2482; x_wconf 86' lang='grc' dir='ltr'>τὴν</span> <span class='ocrx_word' id='word_1_100' title='bbox 465 2409 545 2469; x_wconf 80' lang='grc' dir='ltr'>αύτού</span> <span class='ocrx_word' id='word_1_101' title='bbox 567 2410 655 2487; x_wconf 87' lang='grc' dir='ltr'>φιλέει</span> <span class='ocrx_word' id='word_1_102' title='bbox 677 2408 724 2468; x_wconf 86' lang='grc' dir='ltr'>καί</span> <span class='ocrx_word' id='word_1_103' title='bbox 746 2409 870 2484; x_wconf 80' lang='grc' dir='ltr'>κήδεται.</span> 
     </span>
     <span class='ocr_line' id='line_1_21' title="bbox 1351 2496 1583 2548; baseline 0.004 -12"><span class='ocrx_word' id='word_1_104' title='bbox 1351 2496 1424 2547; x_wconf 77' lang='lat' dir='ltr'>(nom.</span> <span class='ocrx_word' id='word_1_105' title='bbox 1439 2497 1466 2537; x_wconf 89' lang='lat'>11.</span> <span class='ocrx_word' id='word_1_106' title='bbox 1481 2497 1516 2546; x_wconf 77' lang='lat'>11,</span> <span class='ocrx_word' id='word_1_107' title='bbox 1531 2499 1583 2548; x_wconf 77' lang='grc' dir='ltr'>σιτ.)</span> 
     </span>
    </p>
   </div>
   <div class='ocr_carea' id='block_1_11' title="bbox 394 2569 1060 3803">
    <p class='ocr_par' dir='ltr' id='par_1_11' title="bbox 394 2569 1060 3803">
     <span class='ocr_line' id='line_1_22' title="bbox 394 2569 1027 2652; baseline 0.006 -20"><span class='ocrx_word' id='word_1_108' title='bbox 394 2569 491 2644; x_wconf 84' lang='grc' dir='ltr'>Ὅστις</span> <span class='ocrx_word' id='word_1_109' title='bbox 513 2577 614 2652; x_wconf 88' lang='grc' dir='ltr'>γαμεῖν</span> <span class='ocrx_word' id='word_1_110' title='bbox 628 2573 788 2649; x_wconf 82' lang='grc' dir='ltr'>ιβουλεύετ’,</span> <span class='ocrx_word' id='word_1_111' title='bbox 813 2576 843 2635; x_wconf 85' lang='grc' dir='ltr'>ού</span> <span class='ocrx_word' id='word_1_112' title='bbox 866 2576 1027 2652; x_wconf 78' lang='grc' dir='ltr'>βουλεύεται</span> 
     </span>
     <span class='ocr_line' id='line_1_23' title="bbox 394 2677 1002 2758; baseline 0.008 -22"><span class='ocrx_word' id='word_1_113' title='bbox 394 2678 497 2756; x_wconf 82' lang='grc' dir='ltr'>ὀρθῶς·</span> <span class='ocrx_word' id='word_1_114' title='bbox 523 2678 589 2738; x_wconf 83' lang='grc' dir='ltr'>διότι</span> <span class='ocrx_word' id='word_1_115' title='bbox 612 2677 773 2751; x_wconf 77' lang='grc' dir='ltr'>βουλεύεται</span> <span class='ocrx_word' id='word_1_116' title='bbox 795 2680 885 2758; x_wconf 87' lang='grc' dir='ltr'>χούτω</span> <span class='ocrx_word' id='word_1_117' title='bbox 907 2683 1002 2758; x_wconf 87' lang='grc' dir='ltr'>γαμεῖ.</span> 
     </span>
     <span class='ocr_line' id='line_1_24' title="bbox 394 2782 1045 2864; baseline 0.005 -24"><span class='ocrx_word' id='word_1_118' title='bbox 394 2782 510 2842; x_wconf 84' lang='grc' dir='ltr'>πολλῶν</span> <span class='ocrx_word' id='word_1_119' title='bbox 533 2789 626 2842; x_wconf 84' lang='grc' dir='ltr'>κακῶν</span> <span class='ocrx_word' id='word_1_120' title='bbox 649 2786 702 2864; x_wconf 83' lang='grc' dir='ltr'>γάρ</span> <span class='ocrx_word' id='word_1_121' title='bbox 726 2784 892 2863; x_wconf 83' lang='grc' dir='ltr'>ἐστινάρχὴ</span> <span class='ocrx_word' id='word_1_122' title='bbox 915 2783 954 2862; x_wconf 83' lang='grc' dir='ltr'>τῷ</span> <span class='ocrx_word' id='word_1_123' title='bbox 977 2784 1045 2864; x_wconf 84' lang='grc' dir='ltr'>βίῳ·</span> 
     </span>
     <span class='ocr_line' id='line_1_25' title="bbox 395 2886 1030 2969; baseline 0.005 -24"><span class='ocrx_word' id='word_1_124' title='bbox 395 2889 413 2960; x_wconf 75' lang='grc' dir='ltr'><strong>ἦ</strong></span> <span class='ocrx_word' id='word_1_125' title='bbox 437 2886 490 2966; x_wconf 82' lang='grc' dir='ltr'>γὰρ</span> <span class='ocrx_word' id='word_1_126' title='bbox 512 2888 597 2962; x_wconf 80' lang='grc' dir='ltr'>πένης</span> <span class='ocrx_word' id='word_1_127' title='bbox 620 2890 658 2946; x_wconf 85' lang='grc' dir='ltr'>ῶν</span> <span class='ocrx_word' id='word_1_128' title='bbox 679 2889 728 2965; x_wconf 83' lang='grc' dir='ltr'>τὴν</span> <span class='ocrx_word' id='word_1_129' title='bbox 750 2891 875 2968; x_wconf 85' lang='grc' dir='ltr'>γυναῖκα,</span> <span class='ocrx_word' id='word_1_130' title='bbox 899 2891 1030 2969; x_wconf 77' lang='grc' dir='ltr'>χρήματα</span> 
     </span>
     <span class='ocr_line' id='line_1_26' title="bbox 395 2989 1005 3074; baseline 0.007 -26"><span class='ocrx_word' id='word_1_131' title='bbox 395 2989 501 3070; x_wconf 84' lang='grc' dir='ltr'>λαβὼν,</span> <span class='ocrx_word' id='word_1_132' title='bbox 525 2992 585 3070; x_wconf 82' lang='grc' dir='ltr'>ἔχει</span> <span class='ocrx_word' id='word_1_133' title='bbox 609 2991 762 3074; x_wconf 75' lang='grc' dir='ltr'>δέσποιναν,</span> <span class='ocrx_word' id='word_1_134' title='bbox 786 2995 816 3053; x_wconf 87' lang='grc' dir='ltr'>ού</span> <span class='ocrx_word' id='word_1_135' title='bbox 838 2993 943 3070; x_wconf 82' lang='grc' dir='ltr'>γυναῖκ’</span> <span class='ocrx_word' id='word_1_136' title='bbox 958 2993 1005 3072; x_wconf 88' lang='grc' dir='ltr'>έτι,</span> 
     </span>
     <span class='ocr_line' id='line_1_27' title="bbox 396 3088 1037 3180; baseline 0.003 -26"><span class='ocrx_word' id='word_1_137' title='bbox 396 3088 431 3170; x_wconf 81' lang='grc' dir='ltr'>ἦς</span> <span class='ocrx_word' id='word_1_138' title='bbox 454 3096 509 3155; x_wconf 82' lang='grc' dir='ltr'>ἐστι</span> <span class='ocrx_word' id='word_1_139' title='bbox 533 3095 632 3168; x_wconf 84' lang='grc' dir='ltr'>δοῦλος</span> <span class='ocrx_word' id='word_1_140' title='bbox 654 3095 700 3156; x_wconf 90' lang='grc' dir='ltr'>καὶ</span> <span class='ocrx_word' id='word_1_141' title='bbox 722 3099 824 3172; x_wconf 88' lang='grc' dir='ltr'>πένης·</span> <span class='ocrx_word' id='word_1_142' title='bbox 847 3101 881 3172; x_wconf 77' lang='grc' dir='ltr'>ἢν</span> <span class='ocrx_word' id='word_1_143' title='bbox 904 3096 937 3157; x_wconf 89' lang='grc' dir='ltr'>αύ</span> <span class='ocrx_word' id='word_1_144' title='bbox 960 3097 1037 3180; x_wconf 79' lang='grc' dir='ltr'>λάβῃ</span> 
     </span>
     <span class='ocr_line' id='line_1_28' title="bbox 395 3201 1046 3283; baseline 0.005 -23"><span class='ocrx_word' id='word_1_145' title='bbox 395 3201 483 3276; x_wconf 85' lang='grc' dir='ltr'>μηδὲν</span> <span class='ocrx_word' id='word_1_146' title='bbox 505 3206 668 3283; x_wconf 87' lang='grc' dir='ltr'>φερομένην,</span> <span class='ocrx_word' id='word_1_147' title='bbox 691 3202 790 3275; x_wconf 85' lang='grc' dir='ltr'>δοῦλος</span> <span class='ocrx_word' id='word_1_148' title='bbox 814 3205 893 3274; x_wconf 85' lang='grc' dir='ltr'>αύτδς</span> <span class='ocrx_word' id='word_1_149' title='bbox 914 3204 1046 3282; x_wconf 78' lang='grc' dir='ltr'>γίγνεται.</span> 
     </span>
     <span class='ocr_line' id='line_1_29' title="bbox 394 3305 1044 3386; baseline 0.002 -21"><span class='ocrx_word' id='word_1_150' title='bbox 394 3305 437 3365; x_wconf 87' lang='grc' dir='ltr'>δεῖ</span> <span class='ocrx_word' id='word_1_151' title='bbox 457 3305 511 3386; x_wconf 77' lang='grc' dir='ltr'>γὰρ</span> <span class='ocrx_word' id='word_1_152' title='bbox 533 3307 564 3365; x_wconf 87' lang='grc' dir='ltr'>τ“ο</span> <span class='ocrx_word' id='word_1_153' title='bbox 587 3306 682 3365; x_wconf 82' lang='grc' dir='ltr'>λοιπον</span> <span class='ocrx_word' id='word_1_154' title='bbox 705 3305 763 3366; x_wconf 82' lang='grc' dir='ltr'>ἀνθ’</span> <span class='ocrx_word' id='word_1_155' title='bbox 776 3308 837 3379; x_wconf 86' lang='grc' dir='ltr'>ένδς</span> <span class='ocrx_word' id='word_1_156' title='bbox 858 3309 962 3386; x_wconf 88' lang='grc' dir='ltr'>τρέφειν</span> <span class='ocrx_word' id='word_1_157' title='bbox 986 3307 1044 3367; x_wconf 91' lang='grc' dir='ltr'>δύο.</span> 
     </span>
     <span class='ocr_line' id='line_1_30' title="bbox 395 3407 1049 3491; baseline 0.003 -23"><span class='ocrx_word' id='word_1_158' title='bbox 395 3407 462 3469; x_wconf 81' lang='grc' dir='ltr'>ἀλλ’</span> <span class='ocrx_word' id='word_1_159' title='bbox 476 3409 578 3483; x_wconf 85' lang='grc' dir='ltr'>έλαβεν</span> <span class='ocrx_word' id='word_1_160' title='bbox 602 3409 733 3491; x_wconf 89' lang='grc' dir='ltr'>αίσχρσίν·</span> <span class='ocrx_word' id='word_1_161' title='bbox 758 3413 788 3471; x_wconf 84' lang='grc' dir='ltr'>ού</span> <span class='ocrx_word' id='word_1_162' title='bbox 811 3411 908 3487; x_wconf 83' lang='grc' dir='ltr'>βιωτόν</span> <span class='ocrx_word' id='word_1_163' title='bbox 932 3410 986 3470; x_wconf 85' lang='grc' dir='ltr'>ἐστ’</span> <span class='ocrx_word' id='word_1_164' title='bbox 1001 3413 1049 3488; x_wconf 82' lang='grc' dir='ltr'>έτι,</span> 
     </span>
     <span class='ocr_line' id='line_1_31' title="bbox 394 3513 1025 3594; baseline 0.006 -20"><span class='ocrx_word' id='word_1_165' title='bbox 394 3513 569 3586; x_wconf 86' lang='grc' dir='ltr'>οῑιδέίσαδος</span> <span class='ocrx_word' id='word_1_166' title='bbox 591 3516 621 3575; x_wconf 81' lang='grc' dir='ltr'>τό</span> <span class='ocrx_word' id='word_1_167' title='bbox 644 3517 773 3594; x_wconf 81' lang='grc' dir='ltr'>παράπαν</span> <span class='ocrx_word' id='word_1_168' title='bbox 796 3515 836 3588; x_wconf 88' lang='grc' dir='ltr'>είς</span> <span class='ocrx_word' id='word_1_169' title='bbox 858 3517 906 3592; x_wconf 81' lang='grc' dir='ltr'>τὴν</span> <span class='ocrx_word' id='word_1_170' title='bbox 929 3514 1025 3578; x_wconf 82' lang='grc' dir='ltr'>αἰκίαν.</span> 
     </span>
     <span class='ocr_line' id='line_1_32' title="bbox 394 3618 1025 3701; baseline 0.003 -23"><span class='ocrx_word' id='word_1_171' title='bbox 394 3618 462 3678; x_wconf 80' lang='grc' dir='ltr'>ἀλλ’</span> <span class='ocrx_word' id='word_1_172' title='bbox 472 3618 575 3695; x_wconf 84' lang='grc' dir='ltr'>ἔλαβεν</span> <span class='ocrx_word' id='word_1_173' title='bbox 598 3620 700 3700; x_wconf 79' lang='grc' dir='ltr'>ὡραίαν</span> <span class='ocrx_word' id='word_1_174' title='bbox 722 3640 779 3692; x_wconf 89' lang='grc' dir='ltr'>τις·</span> <span class='ocrx_word' id='word_1_175' title='bbox 804 3620 881 3681; x_wconf 75' lang='grc' dir='ltr'>οὐδὲν</span> <span class='ocrx_word' id='word_1_176' title='bbox 903 3621 1025 3701; x_wconf 89' lang='grc' dir='ltr'>γίγνεται</span> 
     </span>
     <span class='ocr_line' id='line_1_33' title="bbox 395 3723 1060 3803; baseline 0.003 -20"><span class='ocrx_word' id='word_1_177' title='bbox 395 3723 505 3799; x_wconf 90' lang='grc' dir='ltr'>μοῖλλόν</span> <span class='ocrx_word' id='word_1_178' title='bbox 528 3745 553 3784; x_wconf 94' lang='grc' dir='ltr'>τι</span> <span class='ocrx_word' id='word_1_179' title='bbox 573 3729 620 3785; x_wconf 89' lang='grc' dir='ltr'>τού</span> <span class='ocrx_word' id='word_1_180' title='bbox 641 3727 782 3803; x_wconf 74' lang='grc' dir='ltr'>γήμαντος</span> <span class='ocrx_word' id='word_1_181' title='bbox 804 3728 823 3802; x_wconf 79' lang='grc' dir='ltr'><strong>ἡ</strong></span> <span class='ocrx_word' id='word_1_182' title='bbox 845 3731 899 3786; x_wconf 89' lang='grc' dir='ltr'>τῶν</span> <span class='ocrx_word' id='word_1_183' title='bbox 920 3727 1060 3803; x_wconf 85' lang='grc' dir='ltr'>γειτόνων.</span> 
     </span>
    </p>
   </div>
   <div class='ocr_carea' id='block_1_12' title="bbox 395 3827 1581 3968">
    <p class='ocr_par' dir='ltr' id='par_1_12' title="bbox 395 3827 1581 3968">
     <span class='ocr_line' id='line_1_34' title="bbox 395 3827 1065 3910; baseline 0.001 -22"><span class='ocrx_word' id='word_1_184' title='bbox 395 3827 460 3888; x_wconf 79' lang='grc' dir='ltr'>ὥστ’</span> <span class='ocrx_word' id='word_1_185' title='bbox 477 3827 607 3905; x_wconf 89' lang='grc' dir='ltr'>ούδαμῶς</span> <span class='ocrx_word' id='word_1_186' title='bbox 629 3832 716 3889; x_wconf 85' lang='grc' dir='ltr'>κακοῦ</span> <span class='ocrx_word' id='word_1_187' title='bbox 738 3829 765 3908; x_wconf 79' lang='grc' dir='ltr'>γ’</span> <span class='ocrx_word' id='word_1_188' title='bbox 780 3830 910 3909; x_wconf 84' lang='grc' dir='ltr'>ἁμαρτεῖν</span> <span class='ocrx_word' id='word_1_189' title='bbox 933 3830 1065 3910; x_wconf 89' lang='grc' dir='ltr'>γίγνεται.</span> 
     </span>
     <span class='ocr_line' id='line_1_35' title="bbox 1142 3913 1581 3968; baseline 0.009 -14"><span class='ocrx_word' id='word_1_190' title='bbox 1142 3913 1272 3965; x_wconf 74' lang='grc' dir='ltr'>(Δυωπθτ,</span> <span class='ocrx_word' id='word_1_191' title='bbox 1288 3914 1394 3965; x_wconf 63' lang='lat' dir='ltr'>Mainake,</span> <span class='ocrx_word' id='word_1_192' title='bbox 1409 3917 1481 3965; x_wconf 78' lang='lat' dir='ltr'>v.111,</span> <span class='ocrx_word' id='word_1_193' title='bbox 1496 3929 1516 3968; x_wconf 83' lang='lat' dir='ltr'>p.</span> <span class='ocrx_word' id='word_1_194' title='bbox 1532 3915 1581 3964; x_wconf 73' lang='lat'><strong>1³⁵.)</strong></span> 
     </span>
    </p>
   </div>
   <div class='ocr_carea' id='block_1_13' title="bbox 394 3997 1008 4080">
    <p class='ocr_par' dir='ltr' id='par_1_13' title="bbox 394 3997 1008 4080">
     <span class='ocr_line' id='line_1_36' title="bbox 394 3997 1008 4080; baseline 0 -18"><span class='ocrx_word' id='word_1_195' title='bbox 394 3997 490 4074; x_wconf 86' lang='grc' dir='ltr'>Ὅστις</span> <span class='ocrx_word' id='word_1_196' title='bbox 511 4003 662 4079; x_wconf 83' lang='grc' dir='ltr'>πενόμενος</span> <span class='ocrx_word' id='word_1_197' title='bbox 684 4003 815 4080; x_wconf 89' lang='grc' dir='ltr'>βούλεται</span> <span class='ocrx_word' id='word_1_198' title='bbox 837 4005 886 4079; x_wconf 81' lang='grc' dir='ltr'>ζῆν</span> <span class='ocrx_word' id='word_1_199' title='bbox 908 4004 1008 4080; x_wconf 78' lang='grc' dir='ltr'>ἡδέως,</span> 
     </span>
    </p>
   </div>
   <div class='ocr_carea' id='block_1_14' title="bbox 394 4107 1580 4246">
    <p class='ocr_par' dir='ltr' id='par_1_14' title="bbox 394 4107 1580 4246">
     <span class='ocr_line' id='line_1_37' title="bbox 394 4107 1071 4187; baseline 0.006 -22"><span class='ocrx_word' id='word_1_200' title='bbox 394 4107 494 4186; x_wconf 85' lang='grc' dir='ltr'>ἑτέρων</span> <span class='ocrx_word' id='word_1_201' title='bbox 516 4108 677 4187; x_wconf 89' lang='grc' dir='ltr'>γαμούντων</span> <span class='ocrx_word' id='word_1_202' title='bbox 701 4108 780 4181; x_wconf 77' lang='grc' dir='ltr'>αύτδς</span> <span class='ocrx_word' id='word_1_203' title='bbox 804 4108 949 4186; x_wconf 80' lang='grc' dir='ltr'>ἀπεχέσθω</span> <span class='ocrx_word' id='word_1_204' title='bbox 971 4109 1071 4187; x_wconf 82' lang='grc' dir='ltr'>γάμου.</span> 
     </span>
     <span class='ocr_line' id='line_1_38' title="bbox 1206 4194 1580 4246; baseline 0.005 -12"><span class='ocrx_word' id='word_1_205' title='bbox 1206 4194 1272 4246; x_wconf 75' lang='lat' dir='ltr'>(Men.</span> <span class='ocrx_word' id='word_1_206' title='bbox 1287 4194 1394 4242; x_wconf 66' lang='grc' dir='ltr'>Μείινούο,</span> <span class='ocrx_word' id='word_1_207' title='bbox 1408 4207 1429 4236; x_wconf 81' lang='grc' dir='ltr'>τ.</span> <span class='ocrx_word' id='word_1_208' title='bbox 1445 4195 1480 4244; x_wconf 79' lang='lat' dir='ltr'>lv.</span> <span class='ocrx_word' id='word_1_209' title='bbox 1496 4207 1516 4246; x_wconf 79' lang='lat' dir='ltr'>p.</span> <span class='ocrx_word' id='word_1_210' title='bbox 1529 4195 1580 4243; x_wconf 68' lang='lat' dir='ltr'>m.)</span> 
     </span>
    </p>
   </div>
   <div class='ocr_carea' id='block_1_15' title="bbox 392 4272 1069 4774">
    <p class='ocr_par' dir='ltr' id='par_1_15' title="bbox 392 4272 1069 4774">
     <span class='ocr_line' id='line_1_39' title="bbox 393 4272 1069 4355; baseline 0 -23"><span class='ocrx_word' id='word_1_211' title='bbox 393 4272 510 4353; x_wconf 67' lang='grc' dir='ltr'>γὉστις</span> <span class='ocrx_word' id='word_1_212' title='bbox 532 4272 565 4332; x_wconf 87' lang='grc' dir='ltr'>δὲ</span> <span class='ocrx_word' id='word_1_213' title='bbox 587 4274 707 4352; x_wconf 88' lang='grc' dir='ltr'>μόχλοις</span> <span class='ocrx_word' id='word_1_214' title='bbox 728 4273 776 4334; x_wconf 91' lang='grc' dir='ltr'>καί</span> <span class='ocrx_word' id='word_1_215' title='bbox 799 4274 845 4334; x_wconf 85' lang='grc' dir='ltr'>διὰ</span> <span class='ocrx_word' id='word_1_216' title='bbox 859 4277 1069 4355; x_wconf 87' lang='grc' dir='ltr'>σφραγισμοίτων</span> 
     </span>
     <span class='ocr_line' id='line_1_40' title="bbox 394 4377 1025 4460; baseline 0.003 -23"><span class='ocrx_word' id='word_1_217' title='bbox 394 4378 475 4448; x_wconf 84' lang='grc' dir='ltr'>σώζει</span> <span class='ocrx_word' id='word_1_218' title='bbox 497 4377 633 4459; x_wconf 76' lang='grc' dir='ltr'>δάμαρτα,</span> <span class='ocrx_word' id='word_1_219' title='bbox 656 4381 708 4438; x_wconf 76' lang='grc' dir='ltr'>κᾶν</span> <span class='ocrx_word' id='word_1_220' title='bbox 731 4379 799 4460; x_wconf 84' lang='grc' dir='ltr'>ἀνὴρ</span> <span class='ocrx_word' id='word_1_221' title='bbox 823 4379 912 4440; x_wconf 84' lang='grc' dir='ltr'>δοκῶν</span> <span class='ocrx_word' id='word_1_222' title='bbox 935 4381 1025 4458; x_wconf 80' lang='grc' dir='ltr'>σοφός,</span> 
     </span>
     <span class='ocr_line' id='line_1_41' title="bbox 393 4481 1005 4564; baseline 0.003 -22"><span class='ocrx_word' id='word_1_223' title='bbox 393 4483 508 4559; x_wconf 79' lang='grc' dir='ltr'>μάταιός</span> <span class='ocrx_word' id='word_1_224' title='bbox 532 4482 587 4542; x_wconf 86' lang='grc' dir='ltr'>ἐστι</span> <span class='ocrx_word' id='word_1_225' title='bbox 609 4481 656 4543; x_wconf 87' lang='grc' dir='ltr'>καὶ</span> <span class='ocrx_word' id='word_1_226' title='bbox 678 4488 781 4564; x_wconf 87' lang='grc' dir='ltr'>φρονῶν</span> <span class='ocrx_word' id='word_1_227' title='bbox 804 4483 883 4544; x_wconf 82' lang='grc' dir='ltr'>ούδὲν</span> <span class='ocrx_word' id='word_1_228' title='bbox 906 4487 1005 4564; x_wconf 85' lang='grc' dir='ltr'>φρονεῖ.</span> 
     </span>
     <span class='ocr_line' id='line_1_42' title="bbox 392 4585 963 4669; baseline 0.002 -22"><span class='ocrx_word' id='word_1_229' title='bbox 392 4589 452 4664; x_wconf 80' lang='grc' dir='ltr'>ἥτις</span> <span class='ocrx_word' id='word_1_230' title='bbox 474 4587 527 4668; x_wconf 79' lang='grc' dir='ltr'>γὰρ</span> <span class='ocrx_word' id='word_1_231' title='bbox 549 4590 629 4664; x_wconf 81' lang='grc' dir='ltr'>ἡμῶν</span> <span class='ocrx_word' id='word_1_232' title='bbox 651 4587 767 4669; x_wconf 82' lang='grc' dir='ltr'>καρδίαν</span> <span class='ocrx_word' id='word_1_233' title='bbox 789 4585 880 4668; x_wconf 78' lang='grc' dir='ltr'>θύραζ’</span> <span class='ocrx_word' id='word_1_234' title='bbox 894 4589 963 4669; x_wconf 83' lang='grc' dir='ltr'>ἔχει,</span> 
     </span>
     <span class='ocr_line' id='line_1_43' title="bbox 393 4689 1045 4774; baseline 0 -22"><span class='ocrx_word' id='word_1_235' title='bbox 393 4692 491 4754; x_wconf 85' lang='grc' dir='ltr'>θᾶσσον</span> <span class='ocrx_word' id='word_1_236' title='bbox 515 4693 566 4768; x_wconf 83' lang='grc' dir='ltr'>μέν</span> <span class='ocrx_word' id='word_1_237' title='bbox 589 4690 676 4753; x_wconf 88' lang='grc' dir='ltr'>οίστοῡ</span> <span class='ocrx_word' id='word_1_238' title='bbox 698 4689 746 4752; x_wconf 88' lang='grc' dir='ltr'>καί</span> <span class='ocrx_word' id='word_1_239' title='bbox 767 4696 867 4774; x_wconf 86' lang='grc' dir='ltr'>πτεροῦ</span> <span class='ocrx_word' id='word_1_240' title='bbox 889 4693 1045 4774; x_wconf 85' lang='grc' dir='ltr'>χωρίζεται,</span> 
     </span>
    </p>
   </div>
   <div class='ocr_carea' id='block_1_16' title="bbox 0 0 1770 5494">
    <p class='ocr_par' dir='ltr' id='par_1_16' title="bbox 0 0 1770 5494">
     <span class='ocr_line' id='line_1_44' title="bbox 0 0 1770 5494; baseline 0 0"><span class='ocrx_word' id='word_1_241' title='bbox 0 0 1770 5494; x_wconf 95' lang='lat' dir='ltr'> </span> 
     </span>
    </p>
   </div>
  </div>
 </body>
</html>
