3478 5490
687 530 925 594 —137-

210 723 287 803 Ἐγὼ
309 726 339 782 τό
361 724 413 799 μὲν
435 724 469 799 δὴ
491 728 630 802 πανταχοῦ
652 725 834 804 θρυλούμενον

209 829 349 908 κράτιστον
373 821 442 888 εἶναί
463 849 531 908 φημι
553 827 592 903 μὴ
615 832 691 908 φθναι
714 825 811 909 βροτῷ.

1111 912 1144 962 (Ε.
1160 911 1194 952 Fr.
1211 911 1333 962 Belleroph.
1348 911 1416 960 XL).

213 989 246 1052 Εἰ
270 992 309 1068 μὴ
332 991 385 1072 γάρ
409 995 446 1052 ῶν
469 987 612 1073 ἅνθρωπος
634 992 776 1073 ἀνθρώπου
798 993 892 1070 τύχαις

212 1098 396 1178 mmmm&
418 1101 470 1158 ποῦ
492 1099 646 1177 φανήσομαι
667 1104 788 1178 woman
992 1181 1073 1232 (Alexis
1096 1180 1206 1222 Mainake
1228 1193 1241 1220 v
1259 1179 1290 1220 ΠΙ
1312 1180 1401 1232 θθθθ)

209 1255 270 1322 Εἶτ’
283 1261 313 1322 οίι
335 1261 477 1343 περίεργόν
501 1263 572 1322 ἐστιν
595 1261 735 1344 ἄνθρωπος
756 1265 835 1342 φατόν

211 1367 451 1439 ὑπεναντιωτάτοις
474 1387 503 1426 τε
525 1365 665 1439 πλείστοις
685 1368 844 1448 χρώμενον,

212 1471 320 1551 ἐρῶμεν
342 1469 508 1551 ἀλλοτρίων,
529 1476 695 1552 παρορῶμεν
717 1474 868 1549 συγγενεῖς.

210 1577 323 1654 ἔχοντες
345 1574 424 1635 οῦδὲν
446 1557 690 1656 είιπορσῡμεντοῑς
711 1575 812 1648 πέλας.

994 1659 1083 1710 (Alexis,
1098 1659 1216 1708 Μείιιοσὶιι,
1230 1659 1300 1706 v.111.
1315 1671 1336 1709 p.
1345 1659 1403 1708 446.)

216 1769 264 1828 Ἐν
287 1767 319 1828 δὲ
340 1766 457 1841 λιθίναις
479 1768 592 1841 ἀκόναις
613 1769 628 1827 ό
649 1771 768 1848 χρηστός
793 1765 948 1841 ἐξετάζεται
970 1768 1059 1840 διδοὺς
1083 1767 1200 1842 βάσανον
1223 1767 1349 1848 φανερόν,
1370 1759 1402 1825 ’έν

211 1873 246 1933 δὲ
270 1857 370 1954 Ιχρυσοῦ
392 1873 498 1954 ἀνδρῶν
520 1873 631 1952 ἀγαθῶν
653 1893 684 1932 τε
706 1878 799 1932 κακῶν
821 1893 851 1931 τε
873 1877 934 1944 νοῦς
958 1872 1039 1932 ἔδωκ’
1053 1873 1182 1952 ἔλεγχον.

1154 1972 1248 2024 (Chilon.
1263 1973 1297 2014 Or.
1314 1971 1331 2022 l,
1347 1975 1403 2023 168.)

314 2072 364 2130 Ἓν
387 2071 418 2132 δὲ
440 2073 470 2132 τό
493 2071 641 2132 κάλλιστον
664 2073 732 2144 Χίος
756 2073 844 2132 ἔειπεν
868 2073 952 2152 ἀνὴρ·

212 2177 276 2254 ιιοίη
298 2197 350 2256 περ
372 2175 484 2256 φθλλων
506 2176 599 2255 γενεὴ,
623 2175 716 2250 τοιήδε
737 2173 784 2236 καὶ
807 2175 945 2256 ἀνδρῶν»,

317 2280 412 2362 πιῶροί
435 2301 480 2356 μιν
503 2282 605 2356 θνητῶν
628 2279 704 2341 οὔασι
727 2279 871 2358 δεξάμενοι

209 2387 334 2467 στέρνοις
353 2387 542 2464 ἐγκατέθεντο.
564 2388 677 2466 πάρεστι
699 2386 753 2466 γὰρ
777 2383 856 2458 ἐλπίς
878 2387 985 2466 ἑκάστῳ

316 2489 431 2570 ἀνδρῶν,
454 2491 503 2564 ἥτε
525 2491 595 2550 νέων
618 2491 740 2566 στήθεσιν
764 2490 908 2570 ἐμφύεται·

208 2595 316 2670 θνητῶν
340 2592 365 2652 δ’
379 2594 447 2674 όφρα
468 2615 508 2664 τις
530 2593 612 2666 ἄνθος
635 2595 688 2676 ἔχῃ
710 2594 882 2675 πολυήρατον
905 2595 987 2672 ἥβης,

315 2702 412 2777 κοῦφον
436 2698 508 2776 ἔχων
531 2699 614 2774 θυμόν
636 2696 720 2759 πόλλ’
733 2698 868 2758 ἀτέλεστα
890 2701 957 2760 νοεῖ.

210 2799 352 2880 οὔτεγὰρ
375 2801 465 2862 ἐλπίδ’
475 2803 534 2880 ἔχει
556 2803 723 2882 γηρασέμεν,
746 2801 809 2862 οἰιδὲ
832 2804 980 2882 θανεῖσθαι,

317 2905 374 2965 οὐδ’
386 2905 464 2984 ὑγιὴς
486 2907 550 2965 όταν
572 2903 601 2988 ᾖ,
624 2905 738 2986 φροντίδ’
752 2908 811 2985 ἔχει
834 2909 968 2984 καμάτου.

995 2990 1108 3042 (Sinonia.
1124 2992 1183 3032 Stob.
1200 2990 1347 3040 Lxxxxvln,
1361 2991 1405 3042 θθ.)

210 3099 263 3157 Ἐν
285 3095 347 3178 πυρὶ
367 3095 542 3174 δοκιμάζεται
562 3100 672 3179 χρυσός,
695 3097 741 3159 καὶ
765 3100 898 3181 ἀνθρωποι
918 3097 1009 3159 δεκτοί
1033 3099 1061 3159 ἐν
1080 3095 1187 3179 καμίνῳ
1205 3101 1404 3171 ταπεινώσεως.

1323 3201 1405 3252 (Ριοτ.)

211 3299 265 3358 Ἐν
285 3297 347 3378 πυρὶ
370 3299 421 3374 μὲν
443 3301 542 3380 χρυσόν
564 3321 594 3358 τε
616 3297 662 3359 καὶ
685 3299 801 3380 άργυρον
824 3297 910 3379 ἴδριες
932 3299 1030 3381 ἀνδρες

316 3397 507 3483 γιγνώσκουά,
531 3403 629 3483 ἀνδρός
651 3397 762 3475 δὀἷνος
786 3400 875 3477 ἔδειξε
898 3404 967 3464 νόον.

1176 3487 1299 3539 (Theognis,
1314 3489 1405 3538 θθθσφ.)

212 3620 219 3632 .
250 3615 258 3630 .
283 3617 289 3630 .
312 3567 372 3629 ἐπεὶ

208 3672 297 3748 ἔξοιδ’
310 3673 379 3754 ἀνὴρ
401 3677 439 3734 ῶν
461 3675 530 3751 χῶτι
553 3679 603 3748 τῆς
625 3673 655 3744 ές
679 3671 769 3754 αὔριον

208 3777 292 3838 οθδὲν
313 3777 399 3838 πλέον
423 3799 469 3851 μοι
492 3781 538 3837 σοῦ
561 3779 683 3852 μέτεστιν
705 3778 821 3858 ἡμέρας.

1127 3879 1159 3930 (S.
1175 3877 1225 3920 θεά.
1241 3879 1286 3920 Col.
1301 3880 1405 3930 όθθσφις.)

209 3961 370 4040 Ἐπάμερος
391 3959 417 4020 τί
439 3958 471 4020 δέ
492 3980 547 4040 τις,
569 3958 594 4018 τί
618 3957 686 4020 δὀὔ
707 3980 765 4038 τις,

210 4085 294 4137 σθῑας
315 4065 380 4146 5⁹⁰⁵?
404 4065 555 4145 ανθθωπος·
1110 4147 1181 4199 (vind.
1197 4147 1260 4200 Pyth.
1275 4147 1333 4198 vm.
1349 4149 1404 4200 ιιι.)

209 4239 263 4310 Ἐς
285 4241 368 4298 πόσον
391 4234 409 4298 ἀ
432 4236 521 4298 δειλοί
541 4240 674 4314 καμάτως
696 4236 754 4308 κείς
777 4238 846 4318 ἔργα
867 4241 1018 4313 πονεθμες;

209 4343 303 4422 ψυχὰν
326 4343 350 4402 δ’
363 4339 428 4421 ἀχρι
451 4341 523 4414 τίνος
544 4341 604 4402 ποτὶ
626 4342 728 4422 κέρδεα
749 4336 798 4402 καὶ
819 4339 879 4402 ποτὶ
900 4343 1001 4420 τέχνας

212 4445 363 4524 βάλλομες
386 4447 535 4527 ίμείροντες
558 4445 601 4506 ἀεὶ
623 4447 694 4506 πολὺ
716 4448 838 4528 πλῄονος
860 4445 955 4528 όλβωφ

208 4553 377 4627 λαθόμεθὴ
400 4553 453 4632 ἀρα
475 4554 575 4623 πάντες
597 4553 637 4611 ότι
660 4549 751 4611 θνατοί
772 4553 927 4629 γενόμεσθα

208 4657 273 4734 χώς
295 4656 399 4736 βραχὺν
423 4656 456 4716 έκ
478 4656 588 4738 Μοίρας
610 4655 737 4734 θέλομεν
758 4659 873 4736 Χθὸνοίί
1204 4711 1207 4720 “
1272 4739 1336 4791 (mon
1363 4741 1407 4792 ιο)
