3476 5490
662 523 875 588 -τφ-

174 711 205 774 Εἰ
228 713 322 790 βοθλει
344 717 472 778 πλούσιόν
494 737 553 778 τινα
574 724 697 798 ποιῆσαι,
729 717 767 793 μὴ
790 719 940 798 χρημάτων
966 717 1116 800 προστίθει,
1147 723 1198 795 τῆς
1222 715 1363 795 ἐπιθυμίας

169 818 286 900 ἀφαίρει.

1231 905 1362 957 (Epicurus.)

170 982 205 1044 Εἰ
225 985 280 1066 γὰρ
303 987 318 1044 θ
339 987 458 1060 πλοῦτος
480 987 595 1065 βλέψειε
616 988 700 1048 πάλιν
723 987 887 1064 διανείμειέν
909 989 932 1048 τ’
949 987 1007 1051 ἴσον
1030 989 1119 1068 αὑτὸν,

170 1087 232 1150 οὔτε
254 1091 355 1168 τέχνην
377 1091 410 1150 ἂν
432 1097 486 1151 τῶν
510 1087 658 1173 άνθριίνπων
681 1090 735 1152 οὔτ’
748 1093 781 1152 ἂν
804 1092 896 1172 σοφίαν
920 1089 1051 1174 μελετῴη

171 1193 270 1268 οθδείς.

1125 1280 1170 1332 (Ar.
1185 1281 1243 1323 Plut.
1258 1283 1297 1324 ⁵10
1303 1283 1362 1333 sqq.)

170 1359 206 1418 Εἰ
227 1359 357 1432 πλούσιος
379 1364 417 1420 ῶν
440 1357 619 1444 ἀνελεύθερός
642 1361 700 1424 ἐσθ’
712 1359 808 1423 οὑτωσί
830 1361 876 1422 καὶ
899 1361 1074 1444 φιλοκερδής.
1181 1449 1198 1489 Α
1233 1448 1284 1490 ΡΗ
1305 1450 1363 1500 591)

1199 1460 1217 1490 Υ,
1260 1461 1291 1491 u.
1346 1479 1351 1490 ι

169 1514 267 1588 Εἴπσις
291 1519 333 1595 ἂν,
357 1519 395 1588 ῶς
417 1517 433 1575 θ
454 1519 554 1599 χρυσὸς
577 1519 673 1600 ἐκνικᾷ
694 1517 771 1600 τάδε,
1171 1450 1179 1500 ί

169 1619 298 1680 πλουτεῖν
320 1643 350 1681 τε
371 1623 495 1702 τερπνόν.

1163 1711 1197 1762 (Ε.
1213 1711 1259 1756 Ion.
1274 1713 1313 1752 629
1320 1713 1362 1763 sq.)

171 1832 178 1846 .
204 1831 211 1847 .
238 1833 245 1846 .
271 1784 383 1868 εἰσορῶ·

170 1887 266 1950 δειλόν
288 1891 343 1971 γ’θ
365 1891 482 1963 πλοῦτος
504 1889 552 1952 καὶ
574 1891 725 1972 φιλόψυχον
747 1896 843 1954 κακόν.

1125 1981 1159 2031 (υ.
1174 1981 1255 2022 Pboou.
1270 1983 1307 2024 εετ
1318 1983 1362 2033 sq.)

170 2091 178 2106 .
204 2092 211 2106 .
237 2091 244 2106 .
270 2045 297 2106 εἴ
315 2047 339 2106 τί
361 2044 389 2125 γ’
404 2046 460 2107 ἐστὶ
481 2047 609 2128 λαμπράν
631 2047 678 2110 καὶ
700 2050 798 2130 καλὸν,

169 2153 188 2225 ἢ
211 2145 309 2232 χαρίεν
332 2151 503 2233 ἀνθρώποισι,
527 2152 571 2213 διά
594 2173 624 2213 σε
646 2153 778 2234 γίγνεται.

170 2255 279 2316 ἅπαντα
300 2255 338 2334 τῷ
359 2255 486 2316 πλουτεῖν
509 2259 563 2337 γάρ
587 2257 643 2318 ἐσθ’
655 2259 770 2334 ὑπήκοα.
1320 2327 1328 2348 Ι

1132 2345 1178 2398 (Ar.
1193 2345 1251 2388 Plut.
1267 2349 1364 2398 ωεστ.)

170 2410 337 2489 Ἐπίσταμαι
359 2412 391 2472 δὲ
413 2411 461 2472 καὶ
483 2413 647 2494 πεπείραμαι
669 2414 743 2496 λίαν,

169 2517 208 2588 ῶς
231 2513 286 2576 τῶν
310 2517 430 2596 ἐχόντων
451 2519 552 2589 πάντες
575 2519 709 2599 ἄνθρωποι
731 2517 814 2600 φιλοι.

1099 2607 1135 2658 (Ε.
1150 2607 1185 2648 Fr.
1207 2607 1280 2650 Kreas.
1295 2607 1364 2659 vm.)

170 2680 248 2742 Ἐστὶ
269 2681 324 2762 γὰρ
345 2683 463 2755 πλοῦτός
486 2684 513 2762 γ’
527 2680 666 2764 ἀμεμφὴς,
689 2683 757 2764 ἀμφὶ
780 2683 805 2744 δ’
821 2684 974 2765 ὀφθαλμοῖς
996 2687 1087 2766 φόβος.
1183 2772 1210 2823 (A
1233 2772 1249 2814 P

1212 2801 1217 2814 .
1251 2784 1291 2814 σιτ.
1307 2775 1362 2823 ms.)

171 2835 266 2900 Ἔστιν
289 2838 320 2900 δὲ
342 2839 465 2913 ποδαπὸς
487 2842 516 2901 τ“ο
538 2843 620 2921 γένος
643 2835 737 2924 σθτος;
783 2843 926 2916 Πλοθσιος.

172 2944 283 3016 τσθτους
306 2943 338 3005 δὲ
359 2948 464 3018 πάντας
486 2945 563 3025 φασὶν
586 2947 795 3026 εὐγενεστάτους

171 3041 255 3108 εἶναι·
279 3050 397 3126 πένητας
420 3048 444 3108 θ’
457 3049 619 3131 εθπατρίδας
642 3050 730 3124 οὐδεὶς
752 3053 813 3136 δρᾷ.

946 3137 1035 3187 (Alexis.
1052 3136 1170 3183 Moinecke.
1185 3150 1205 3178 τ.
1216 3137 1257 3185 111.
1272 3150 1292 3188 p.
1307 3141 1363 3190 419.)

176 3197 283 3286 Ἔχειν
300 3205 332 3266 δὲ
353 3211 448 3288 πειρῶ·
472 3211 548 3269 τοῦτο
571 3207 624 3289 γὰρ
646 3209 676 3268 τά
699 3209 722 3268 τ’
739 3209 860 3289 εθγενὲς,

170 3308 219 3370 καὶ
241 3311 304 3382 τοὺς
325 3313 432 3389 γάμους
455 3311 548 3372 δίδωσι
570 3312 631 3384 τοὺς
652 3315 774 3394 πρώτους
797 3313 881 3392 ἔχειν.

1094 3399 1127 3452 (Ε.
1143 3398 1178 3442 Fr.
1193 3398 1294 3442 Ετσσίιιίι.
1309 3400 1363 3452 XX.)

171 3491 254 3572 Ἐχω
277 3493 309 3554 δὲ
329 3492 440 3569 πολλὴν
463 3494 568 3577 οθσίαν,
598 3493 645 3555 καὶ
667 3495 795 3569 πλαίσιος
817 3497 936 3572 καλοῦμ’
951 3498 1000 3558 ὑπὸ
1022 3501 1148 3580 πάντων,
1179 3501 1314 3580 μακάριος
1337 3499 1362 3559 δ’

171 3598 215 3657 ὑπ’
227 3597 346 3669 σίιθενάς.

1050 3686 1169 3738 (Plutarch.
1184 3687 1215 3728 De
1225 3687 1277 3730 Λτῖο
1291 3687 1363 3740 Ροσί.)

165 3765 225 3824 Ἠν
249 3765 376 3846 μὲνγὰρ
399 3767 530 3849 πλουτῇς,
553 3765 655 3828 πολλοὶ
679 3765 761 3847 φίλοι,
784 3770 817 3842 ἢν
841 3766 871 3826 δὲ
893 3768 1001 3848 πένηαι,

274 3873 379 3950 παῦροι.

1167 3958 1291 4010 (Theognis,
1306 3961 1364 4010 929.)

169 4021 211 4085 'H
233 4045 285 4086 που
306 4029 430 4107 κρεῖσσον
452 4032 501 4104 τῆς
524 4029 648 4106 εθγενίας

170 4130 201 4188 τ“ο
222 4129 320 4202 καλῶς
342 4134 479 4211 πράσσειν.

1102 4219 1137 4270 (E.
1154 4218 1187 4260 Fr.
1203 4217 1294 4270 Aegeus.
1306 4219 1363 4271 vn.)

172 4284 274 4364 Ηθχεις
295 4307 337 4359 τις
359 4283 428 4348 εῖναι
451 4291 518 4349 τοῖσι
539 4292 662 4370 χρήμασι
684 4291 796 4371 σθένων,

173 4389 206 4449 τὰ
231 4389 348 4452 θὀῖιθὲν
372 4391 395 4452 εἰ
418 4393 457 4470 μὴ
481 4393 585 4474 βραχὺν
608 4393 738 4472 ὁμιλῆσαι
760 4397 867 4476 χράνσν.

171 4490 264 4577 ἡγὰρ
287 4497 361 4574 φύσις
384 4496 507 4578 βέβαιος,
531 4499 561 4558 σθ
584 4497 617 4558 τὰ
638 4501 778 4580 χρήματα.

171 4599 188 4672 ἡ
211 4599 261 4675 μὲν
284 4599 338 4682 γὰρ
361 4599 404 4661 ἀεὶ
425 4603 607 4682 παραμένουσ’
621 4601 690 4683 αἴρει
711 4605 795 4682 κακά,

173 4705 184 4763 ί
209 4705 233 4764 θ’
248 4705 336 4781 ὄλβος
360 4705 464 4788 άθικος,
487 4705 534 4766 καὶ
557 4706 627 4782 μετὰ
649 4712 751 4768 σκαιῶν
775 4705 868 4790 ξυνὼν,
