3476 5490
852 523 1067 590 „62-

365 716 423 778 *Εἰ
445 719 499 800 γὰρ
523 718 628 792 δίκαιος
649 720 773 795 κάσεβὴς
797 718 900 792 ἕξουσιν
923 721 978 797 ἓν,

367 825 384 897 ή
409 829 445 902 γῆ
469 822 499 884 δὲ
522 824 638 899 καλύψει
661 824 721 896 τούς
746 824 790 884 δύο
814 822 852 904 τῷ
874 822 953 884 παντὶ
974 827 1076 904 χρόνῳ,

365 928 462 1008 ἅρπαζ’
486 927 624 1005 ἀπελθὼν,
648 927 756 1010 κλέπτ,
780 931 932 1010 ἀποστέρει,
955 931 1034 989 κύκα.

364 1032 450 1109 μηδὲν
473 1033 633 1113 τλανηθῇς·
658 1032 713 1094 ἐστὶ
735 1034 786 1095 κάν
810 1029 876 1117 ᾅδου
898 1035 993 1116 κρίσις,

363 1138 448 1216 ἥνπερ
471 1140 577 1212 ποιήσει
600 1139 703 1218 θεδς,δ
725 1141 832 1198 πάντων
856 1140 999 1218 δεστιύτης,

366 1234 397 1302 ού
418 1240 536 1317 τούνομα
559 1242 684 1323 φοβερὸν,
709 1241 763 1303 οὔδ’
777 1247 809 1302 δν
833 1244 994 1320 δνομύσαιμ
1009 1245 1076 1324 ἐγὼ,

364 1347 394 1418 ὃς
416 1349 472 1418 τοῖς
496 1347 677 1427 ἁμαρτάνουσι
699 1349 767 1428 πρδς
789 1353 882 1424 μῆκος
904 1347 963 1424 βίον

364 1449 467 1513 δι’διυοι.

365 1605 396 1667 Εἰ
420 1607 452 1668 δὲ
476 1609 549 1681 θεοῖς
570 1606 604 1685 ἧν
627 1607 731 1682 ξύνεσις
753 1607 800 1669 καὶ
823 1610 902 1689 σοφία
924 1611 985 1670 κατ’
1002 1610 1115 1690 ἄνδρας,

366 1710 478 1788 δίδυμον
501 1715 534 1772 δν
557 1713 629 1789 ἥβαν
654 1715 757 1794 ἔφερον,

363 1817 477 1897 τακτέον
499 1819 652 1899 κατανεύέ

364 1917 472 2001 ἀρετᾶς,
497 1923 596 1983 ὅσοισιν

363 2029 443 2106 μέτα,
466 2024 513 2086 καὶ
536 2029 663 2100 θανδντες

363 2129 403 2202 εἰς
426 2130 513 2209 αὐγὰς
535 2133 618 2192 πάλιν
641 2133 720 2192 ἁλίου

364 2235 470 2308 δισσούς
493 2238 525 2294 ἂν
549 2236 615 2312 ἔβαν
639 2236 774 2316 διαύλους,

363 2341 380 2399 ἁ
404 2339 545 2419 δυσγένεια
568 2339 696 2401 δ’ἁπλοῖν
720 2344 751 2400 ἂν

363 2439 423 2522 εἶχε
447 2444 512 2525 ῥόας
536 2445 638 2524 βιοτὰν,

362 2547 408 2608 καὶ
430 2549 494 2628 τῷδ’
510 2547 544 2627 ἦν
566 2551 628 2622 τούς
650 2571 679 2609 τε
702 2550 803 2622 κακούς
827 2551 859 2610 διν

361 2659 465 2732 γνῶναι
488 2653 534 2713 καὶ
557 2655 618 2726 τούς
641 2654 770 2738 ἀγαθούς,

361 2757 419 2818 ἴσον
443 2758 484 2818 ἅτ’
498 2759 526 2818 ἐν
549 2760 703 2839 νεφέλαισιν
728 2761 762 2820 ἅ-

362 2884 448 2944 στρων
471 2864 578 2935 ναύταις
602 2864 714 2944 ἀριθμδς
738 2864 828 2924 πέλει.

363 3066 371 3082 ·
396 3067 402 3080 ·
429 3065 436 3080 ·
462 3018 486 3079 εἰ
509 3020 540 3080 δὲ
564 3021 626 3080 θεδν

362 3124 430 3205 ἀνήρ
454 3146 493 3196 τις
517 3125 629 3185 ἔλπεταί
653 3145 676 3184 τι
699 3125 790 3185 λαοέ-

362 3249 412 3304 μέν
437 3229 532 3309 ἔρδων,
556 3231 716 3308 ἁμαρτάνει.

362 3401 395 3462 Εἰ
420 3403 444 3462 δ’
461 3401 512 3464 εἰσὶ
535 3401 602 3483 θεοὶ,
628 3403 731 3475 δίκαιος
754 3407 791 3462 ὢν
815 3404 882 3484 ἀνὴρ
904 3404 969 3483 σύγε

363 3508 468 3568 ἐσθλῶν
490 3511 631 3589 κυρήσεις·
656 3505 679 3567 εἰ
704 3507 734 3567 δέ
757 3509 806 3585 μὴ,
830 3507 857 3566 τί
880 3507 922 3568 δεῖ
943 3510 1048 3584 πονεϊν;

367 3681 398 3741 Εἰ
422 3683 453 3742 δὲ
476 3683 628 3743 πεπόνθατε
650 3682 740 3762 λυγρὰ
763 3682 797 3741 δι’
810 3681 942 3762 ὑμετέρην
965 3684 1113 3759 κακότητα,

467 3790 506 3862 μή
529 3809 554 3848 τι
576 3789 649 3859 θεοῖς
671 3788 771 3848 τούτων
794 3791 891 3867 μοῖραν
915 3787 1094 3866 ἐπαμφέρετε,

362 3889 435 3952 αὐτοὶ
457 3893 511 3972 γὰρ
533 3893 640 3964 τούτους
662 3889 807 3970 ηὐξήσατε,
831 3892 908 3972 ρύσια
932 3890 1034 3962 δύντες,

366 4064 397 4125 Εἰ
422 4065 446 4125 δ’
460 4066 539 4144 ἔστιν,
563 4068 634 4138 ὅστις
657 4066 793 4142 δαιμόνων
816 4066 982 4145 ὑπερφρονεῖ,

362 4170 391 4241 ἐς
413 4168 485 4229 τόνδ’
501 4171 621 4250 ἀθρήσας
643 4171 758 4230 θοὶνατον
781 4171 901 4248 ἡγείσθω
925 4171 1012 4241 θεούς.

368 4393 374 4406 .
400 4391 406 4404 .
432 4392 439 4406 .
465 4341 488 4403 εἰ
512 4345 545 4420 δή
569 4346 620 4405 πού
642 4365 682 4416 τις
706 4343 862 4426 ἐπουράνιος
885 4347 946 4417 θεύς
970 4345 1049 4406 ἐστιν.

363 4500 395 4561 Εἰ
418 4501 478 4578 θείη
502 4503 566 4574 Διδς
590 4501 618 4561 εὖ
640 4503 817 4580 παναληθῶς,

361 4607 424 4678 Διδς
447 4606 542 4686 ἵμερος
565 4607 614 4666 ούκ
637 4608 783 4686 εὐθήρατος
807 4607 915 4684 ἐτύχθη.

358 4715 447 4770 πάντα
468 4731 510 4771 τοι
531 4712 661 4790 φλεγέθει

1375 1536 1441 1588 (τινι.
1452 1537 1483 1578 οι.
1498 1538 1556 1586 τσο.)

1236 2948 1270 2998 (Ε.
1286 2947 1373 2989 Hercul.
1388 2948 1437 2998 Fur.
1451 2951 1556 2999 δεύοντο.)

1228 3313 1300 3365 (vind.
1316 3313 1398 3364 0151111).
1414 3313 1431 3362 1.
1448 3317 1553 3366 Ιθθεηη.)

1238 3576 1249 3597 “
1275 3593 1308 3641 (ιι.
1324 3593 1392 3643 lphis·
1408 3592 1433 3633 ι.
1449 3595 1497 3634 ιοιι
1509 3595 1553 3643 ιη.)

1301 4253 1346 4306 (Ar.
1364 4255 1439 4296 Bacch.
1453 4257 1502 4297 182ss
1511 4259 1556 4308 οη.)

1275 4429 1346 4479 (nom.
1362 4429 1400 4470 οι.
1416 4429 1480 4478 τιτι,
1495 4433 1556 4482 σοι.)
