<?xml version="1.0" encoding="UTF-8"?>
<!DOCTYPE html PUBLIC "-//W3C//DTD XHTML 1.0 Transitional//EN"
    "http://www.w3.org/TR/xhtml1/DTD/xhtml1-transitional.dtd">
<html xmlns="http://www.w3.org/1999/xhtml" xml:lang="en" lang="en">
 <head>
  <title>
</title>
<meta http-equiv="Content-Type" content="text/html;charset=utf-8" />
  <meta name='ocr-system' content='tesseract 3.04.00' />
  <meta name='ocr-capabilities' content='ocr_page ocr_carea ocr_par ocr_line ocrx_word'/>
</head>
<body>
  <div class='ocr_page' id='page_1' title='image "./gnmaisivethesau00hngoog_0298.png"; bbox 0 0 3532 5500; ppageno 0'>
   <div class='ocr_carea' id='block_1_1' title="bbox 680 549 920 614">
    <p class='ocr_par' dir='ltr' id='par_1_1' title="bbox 680 549 920 614">
     <span class='ocr_line' id='line_1_1' title="bbox 680 549 920 614; baseline 0 0"><span class='ocrx_word' id='word_1_1' title='bbox 680 549 920 614; x_wconf 78' lang='lat'>-269-</span> 
     </span>
    </p>
   </div>
   <div class='ocr_carea' id='block_1_2' title="bbox 196 736 1398 1614">
    <p class='ocr_par' dir='ltr' id='par_1_2' title="bbox 196 736 1398 1614">
     <span class='ocr_line' id='line_1_2' title="bbox 199 736 867 826; baseline 0.006 -26"><span class='ocrx_word' id='word_1_2' title='bbox 199 736 240 800; x_wconf 79' lang='lat'>&#39;0</span> <span class='ocrx_word' id='word_1_3' title='bbox 262 739 506 822; x_wconf 71' lang='grc' dir='ltr'>τρισκακοδαίμων,</span> <span class='ocrx_word' id='word_1_4' title='bbox 530 743 602 812; x_wconf 83' lang='grc' dir='ltr'>ὅστις</span> <span class='ocrx_word' id='word_1_5' title='bbox 624 745 657 802; x_wconf 87' lang='grc' dir='ltr'>δν</span> <span class='ocrx_word' id='word_1_6' title='bbox 680 744 764 820; x_wconf 88' lang='grc' dir='ltr'>πένης</span> <span class='ocrx_word' id='word_1_7' title='bbox 787 746 867 826; x_wconf 85' lang='grc' dir='ltr'>γάμη</span> 
     </span>
     <span class='ocr_line' id='line_1_3' title="bbox 198 843 822 930; baseline 0.003 -24"><span class='ocrx_word' id='word_1_8' title='bbox 198 843 247 906; x_wconf 85' lang='grc' dir='ltr'>καί</span> <span class='ocrx_word' id='word_1_9' title='bbox 270 845 481 908; x_wconf 81' lang='grc' dir='ltr'>παιδοποιεῖται·</span> <span class='ocrx_word' id='word_1_10' title='bbox 506 846 653 927; x_wconf 75' lang='grc' dir='ltr'>ἀλόγιστος</span> <span class='ocrx_word' id='word_1_11' title='bbox 676 847 730 908; x_wconf 82' lang='grc' dir='ltr'>ἐστ’</span> <span class='ocrx_word' id='word_1_12' title='bbox 744 843 822 930; x_wconf 75' lang='grc' dir='ltr'>ἀνὴρ,</span> 
     </span>
     <span class='ocr_line' id='line_1_4' title="bbox 196 951 817 1032; baseline 0.006 -24"><span class='ocrx_word' id='word_1_13' title='bbox 196 951 230 1022; x_wconf 79' lang='grc' dir='ltr'>ὃς</span> <span class='ocrx_word' id='word_1_14' title='bbox 252 952 321 1028; x_wconf 83' lang='grc' dir='ltr'>μήτε</span> <span class='ocrx_word' id='word_1_15' title='bbox 344 951 467 1030; x_wconf 84' lang='grc' dir='ltr'>φυλακὴν</span> <span class='ocrx_word' id='word_1_16' title='bbox 489 955 543 1011; x_wconf 88' lang='grc' dir='ltr'>τῶν</span> <span class='ocrx_word' id='word_1_17' title='bbox 566 951 725 1030; x_wconf 74' lang='grc' dir='ltr'>ἀναγκαίων</span> <span class='ocrx_word' id='word_1_18' title='bbox 749 953 817 1032; x_wconf 85' lang='grc' dir='ltr'>ἔχει,</span> 
     </span>
     <span class='ocr_line' id='line_1_5' title="bbox 200 1054 860 1137; baseline 0.003 -23"><span class='ocrx_word' id='word_1_19' title='bbox 200 1057 266 1130; x_wconf 80' lang='grc' dir='ltr'>μήτ’</span> <span class='ocrx_word' id='word_1_20' title='bbox 279 1057 321 1136; x_wconf 86' lang='grc' dir='ltr'>ἀν,</span> <span class='ocrx_word' id='word_1_21' title='bbox 344 1056 483 1134; x_wconf 65' lang='grc' dir='ltr'>ἀωγήσας</span> <span class='ocrx_word' id='word_1_22' title='bbox 506 1054 545 1128; x_wconf 86' lang='grc' dir='ltr'>εἰς</span> <span class='ocrx_word' id='word_1_23' title='bbox 567 1056 601 1116; x_wconf 89' lang='grc' dir='ltr'>τά</span> <span class='ocrx_word' id='word_1_24' title='bbox 622 1057 701 1117; x_wconf 88' lang='grc' dir='ltr'>κοινά</span> <span class='ocrx_word' id='word_1_25' title='bbox 721 1061 768 1116; x_wconf 90' lang='grc' dir='ltr'>τοῦ</span> <span class='ocrx_word' id='word_1_26' title='bbox 791 1058 860 1137; x_wconf 85' lang='grc' dir='ltr'>βίου,</span> 
     </span>
     <span class='ocr_line' id='line_1_6' title="bbox 201 1160 775 1241; baseline 0.003 -23"><span class='ocrx_word' id='word_1_27' title='bbox 201 1160 369 1240; x_wconf 85' lang='grc' dir='ltr'>ἑπαμφιάσαι</span> <span class='ocrx_word' id='word_1_28' title='bbox 391 1165 467 1220; x_wconf 86' lang='grc' dir='ltr'>τοῦτο</span> <span class='ocrx_word' id='word_1_29' title='bbox 491 1160 597 1221; x_wconf 86' lang='grc' dir='ltr'>δύναιτο</span> <span class='ocrx_word' id='word_1_30' title='bbox 619 1163 775 1241; x_wconf 70' lang='grc' dir='ltr'>χρήμασιν·</span> 
     </span>
     <span class='ocr_line' id='line_1_7' title="bbox 201 1263 819 1348; baseline 0.005 -25"><span class='ocrx_word' id='word_1_31' title='bbox 201 1264 270 1325; x_wconf 86' lang='grc' dir='ltr'>ἀλλ’</span> <span class='ocrx_word' id='word_1_32' title='bbox 283 1264 312 1323; x_wconf 84' lang='grc' dir='ltr'>ἐν</span> <span class='ocrx_word' id='word_1_33' title='bbox 335 1264 484 1344; x_wconf 81' lang='grc' dir='ltr'>ἀκαλύπτῳ</span> <span class='ocrx_word' id='word_1_34' title='bbox 506 1263 553 1326; x_wconf 87' lang='grc' dir='ltr'>καὶ</span> <span class='ocrx_word' id='word_1_35' title='bbox 575 1267 743 1348; x_wconf 83' lang='grc' dir='ltr'>ταλαιπώρῳ</span> <span class='ocrx_word' id='word_1_36' title='bbox 767 1264 819 1345; x_wconf 87' lang='grc' dir='ltr'>βίῳ</span> 
     </span>
     <span class='ocr_line' id='line_1_8' title="bbox 199 1370 970 1452; baseline 0.004 -24"><span class='ocrx_word' id='word_1_37' title='bbox 199 1371 233 1428; x_wconf 84' lang='grc' dir='ltr'>τ“σ</span> <span class='ocrx_word' id='word_1_38' title='bbox 256 1370 340 1450; x_wconf 75' lang='grc' dir='ltr'>μέρος</span> <span class='ocrx_word' id='word_1_39' title='bbox 362 1371 498 1450; x_wconf 78' lang='grc' dir='ltr'>ἀπάντων,</span> <span class='ocrx_word' id='word_1_40' title='bbox 520 1375 575 1429; x_wconf 88' lang='grc' dir='ltr'>τῶν</span> <span class='ocrx_word' id='word_1_41' title='bbox 597 1371 708 1448; x_wconf 82' lang='grc' dir='ltr'>ἀγαθῶν</span> <span class='ocrx_word' id='word_1_42' title='bbox 731 1371 755 1430; x_wconf 90' lang='grc' dir='ltr'>δ’</span> <span class='ocrx_word' id='word_1_43' title='bbox 767 1371 846 1430; x_wconf 86' lang='grc' dir='ltr'>οῦδὲν</span> <span class='ocrx_word' id='word_1_44' title='bbox 869 1373 970 1452; x_wconf 81' lang='grc' dir='ltr'>μέρος·</span> 
     </span>
     <span class='ocr_line' id='line_1_9' title="bbox 202 1473 845 1555; baseline 0.006 -23"><span class='ocrx_word' id='word_1_45' title='bbox 202 1473 273 1555; x_wconf 85' lang='grc' dir='ltr'>ύπὲρ</span> <span class='ocrx_word' id='word_1_46' title='bbox 295 1475 349 1554; x_wconf 83' lang='grc' dir='ltr'>γὰρ</span> <span class='ocrx_word' id='word_1_47' title='bbox 372 1475 433 1546; x_wconf 85' lang='grc' dir='ltr'>ἑνδς</span> <span class='ocrx_word' id='word_1_48' title='bbox 455 1473 551 1552; x_wconf 85' lang='grc' dir='ltr'>ἀλγῶν</span> <span class='ocrx_word' id='word_1_49' title='bbox 575 1475 696 1546; x_wconf 82' lang='grc' dir='ltr'>ἅπαντας</span> <span class='ocrx_word' id='word_1_50' title='bbox 718 1477 845 1536; x_wconf 81' lang='grc' dir='ltr'>νουθετῶ.</span> 
     </span>
     <span class='ocr_line' id='line_1_10' title="bbox 1013 1561 1398 1614; baseline 0.008 -12"><span class='ocrx_word' id='word_1_51' title='bbox 1013 1561 1079 1612; x_wconf 73' lang='lat' dir='ltr'><strong>(Men.</strong></span> <span class='ocrx_word' id='word_1_52' title='bbox 1095 1561 1200 1604; x_wconf 71' lang='lat' dir='ltr'><strong>Heium.</strong></span> <span class='ocrx_word' id='word_1_53' title='bbox 1215 1573 1235 1602; x_wconf 84' lang='lat' dir='ltr'>v.</span> <span class='ocrx_word' id='word_1_54' title='bbox 1250 1563 1286 1613; x_wconf 74' lang='lat' dir='ltr'>lv,</span> <span class='ocrx_word' id='word_1_55' title='bbox 1301 1575 1321 1613; x_wconf 86' lang='grc' dir='ltr'>μ</span> <span class='ocrx_word' id='word_1_56' title='bbox 1340 1564 1398 1614; x_wconf 73' lang='lat' dir='ltr'>m.)</span> 
     </span>
    </p>
   </div>
   <div class='ocr_carea' id='block_1_3' title="bbox 203 1689 1400 1926">
    <p class='ocr_par' dir='ltr' id='par_1_3' title="bbox 203 1689 1400 1926">
     <span class='ocr_line' id='line_1_11' title="bbox 307 1689 1400 1762; baseline 0.001 -18"><span class='ocrx_word' id='word_1_57' title='bbox 307 1689 392 1744; x_wconf 86' lang='lat' dir='ltr'>Vide:</span> <span class='ocrx_word' id='word_1_58' title='bbox 413 1691 545 1744; x_wconf 74' lang='grc' dir='ltr'>Δαιῖσίόῖσι</span> <span class='ocrx_word' id='word_1_59' title='bbox 562 1689 717 1760; x_wconf 86' lang='grc' dir='ltr'>Γιγνώσκεις,</span> <span class='ocrx_word' id='word_1_60' title='bbox 730 1690 843 1757; x_wconf 84' lang='grc' dir='ltr'>Πένητας.</span> <span class='ocrx_word' id='word_1_61' title='bbox 861 1721 890 1730; x_wconf 92' lang='grc'>-</span> <span class='ocrx_word' id='word_1_62' title='bbox 908 1693 1056 1758; x_wconf 72' lang='grc' dir='ltr'>ίῖιρῖάἱόσιι</span> <span class='ocrx_word' id='word_1_63' title='bbox 1069 1691 1171 1762; x_wconf 78' lang='grc' dir='ltr'>Σμικρά.</span> <span class='ocrx_word' id='word_1_64' title='bbox 1185 1723 1218 1731; x_wconf 92' lang='grc'><strong>-</strong></span> <span class='ocrx_word' id='word_1_65' title='bbox 1233 1695 1400 1760; x_wconf 68' lang='lat' dir='ltr'>Desperatio.-</span> 
     </span>
     <span class='ocr_line' id='line_1_12' title="bbox 203 1775 1397 1847; baseline 0.003 -19"><span class='ocrx_word' id='word_1_66' title='bbox 203 1777 320 1847; x_wconf 84' lang='grc' dir='ltr'>Ἐρῆμος.</span> <span class='ocrx_word' id='word_1_67' title='bbox 340 1807 373 1817; x_wconf 92' lang='grc'>-</span> <span class='ocrx_word' id='word_1_68' title='bbox 392 1779 501 1831; x_wconf 60' lang='lat' dir='ltr'><em>Modus:</em></span> <span class='ocrx_word' id='word_1_69' title='bbox 519 1775 548 1828; x_wconf 84' lang='grc' dir='ltr'>Ὁ</span> <span class='ocrx_word' id='word_1_70' title='bbox 566 1777 647 1844; x_wconf 88' lang='grc' dir='ltr'>πένης.</span> <span class='ocrx_word' id='word_1_71' title='bbox 667 1807 699 1817; x_wconf 97' lang='grc'>-</span> <span class='ocrx_word' id='word_1_72' title='bbox 719 1780 873 1830; x_wconf 67' lang='lat' dir='ltr'>Necessitas:</span> <span class='ocrx_word' id='word_1_73' title='bbox 892 1779 962 1847; x_wconf 83' lang='grc' dir='ltr'>Νικᾷ,</span> <span class='ocrx_word' id='word_1_74' title='bbox 981 1777 1081 1830; x_wconf 87' lang='grc' dir='ltr'>Πολλοί.</span> <span class='ocrx_word' id='word_1_75' title='bbox 1101 1809 1134 1818; x_wconf 93' lang='grc'>-</span> <span class='ocrx_word' id='word_1_76' title='bbox 1154 1781 1294 1834; x_wconf 67' lang='lat' dir='ltr'>Nobilitas.-</span> <span class='ocrx_word' id='word_1_77' title='bbox 1312 1780 1397 1847; x_wconf 83' lang='grc' dir='ltr'>Πένης,</span> 
     </span>
     <span class='ocr_line' id='line_1_13' title="bbox 203 1864 986 1926; baseline 0.003 -10"><span class='ocrx_word' id='word_1_78' title='bbox 203 1865 257 1916; x_wconf 84' lang='grc' dir='ltr'>Φεῦ</span> <span class='ocrx_word' id='word_1_79' title='bbox 275 1864 326 1918; x_wconf 83' lang='grc' dir='ltr'>οῦκ.</span> <span class='ocrx_word' id='word_1_80' title='bbox 345 1895 377 1905; x_wconf 95' lang='grc'>-</span> <span class='ocrx_word' id='word_1_81' title='bbox 397 1868 533 1918; x_wconf 62' lang='lat' dir='ltr'><em>Pomm:</em></span> <span class='ocrx_word' id='word_1_82' title='bbox 551 1865 609 1918; x_wconf 84' lang='grc' dir='ltr'>’Λεί</span> <span class='ocrx_word' id='word_1_83' title='bbox 631 1895 662 1904; x_wconf 90' lang='grc'>-</span> <span class='ocrx_word' id='word_1_84' title='bbox 682 1867 784 1920; x_wconf 76' lang='lat' dir='ltr'><strong><em>Pudor:</em></strong></span> <span class='ocrx_word' id='word_1_85' title='bbox 803 1864 882 1926; x_wconf 78' lang='grc' dir='ltr'>Αἰδὼς</span> <span class='ocrx_word' id='word_1_86' title='bbox 902 1865 986 1918; x_wconf 76' lang='grc' dir='ltr'>δὀῦκ.</span> 
     </span>
    </p>
   </div>
   <div class='ocr_carea' id='block_1_4' title="bbox 636 2095 964 2183">
    <p class='ocr_par' dir='ltr' id='par_1_4' title="bbox 636 2095 964 2183">
     <span class='ocr_line' id='line_1_14' title="bbox 636 2095 964 2183; baseline -0.006 -21"><span class='ocrx_word' id='word_1_87' title='bbox 636 2095 716 2162; x_wconf 76' lang='lat' dir='ltr'>Pax</span> <span class='ocrx_word' id='word_1_88' title='bbox 740 2095 793 2183; x_wconf 82' lang='lat' dir='ltr'>(cs.</span> <span class='ocrx_word' id='word_1_89' title='bbox 818 2095 964 2181; x_wconf 84' lang='lat' dir='ltr'>Bellum).</span> 
     </span>
    </p>
   </div>
   <div class='ocr_carea' id='block_1_5' title="bbox 205 2281 755 2364">
    <p class='ocr_par' dir='ltr' id='par_1_5' title="bbox 205 2281 755 2364">
     <span class='ocr_line' id='line_1_15' title="bbox 205 2281 755 2364; baseline 0.013 -30"><span class='ocrx_word' id='word_1_90' title='bbox 205 2281 287 2328; x_wconf 87' lang='lat'>*-*</span> <span class='ocrx_word' id='word_1_91' title='bbox 301 2281 400 2364; x_wconf 80' lang='grc' dir='ltr'>Εἰρήνη</span> <span class='ocrx_word' id='word_1_92' title='bbox 423 2283 547 2364; x_wconf 81' lang='grc' dir='ltr'>γεωργδν</span> <span class='ocrx_word' id='word_1_93' title='bbox 569 2281 621 2341; x_wconf 85' lang='grc' dir='ltr'>κάν</span> <span class='ocrx_word' id='word_1_94' title='bbox 642 2283 755 2362; x_wconf 77' lang='grc' dir='ltr'>πέτραις</span> 
     </span>
    </p>
   </div>
   <div class='ocr_carea' id='block_1_6' title="bbox 205 2385 1400 2525">
    <p class='ocr_par' dir='ltr' id='par_1_6' title="bbox 205 2385 1400 2525">
     <span class='ocr_line' id='line_1_16' title="bbox 205 2385 936 2468; baseline 0.004 -22"><span class='ocrx_word' id='word_1_95' title='bbox 205 2388 298 2468; x_wconf 86' lang='grc' dir='ltr'>τρέφει</span> <span class='ocrx_word' id='word_1_96' title='bbox 318 2388 424 2464; x_wconf 86' lang='grc' dir='ltr'>καλῶς,</span> <span class='ocrx_word' id='word_1_97' title='bbox 447 2387 572 2462; x_wconf 86' lang='grc' dir='ltr'>πόλεμος</span> <span class='ocrx_word' id='word_1_98' title='bbox 596 2385 626 2446; x_wconf 86' lang='grc' dir='ltr'>δὲ</span> <span class='ocrx_word' id='word_1_99' title='bbox 649 2386 701 2448; x_wconf 87' lang='grc' dir='ltr'>κάν</span> <span class='ocrx_word' id='word_1_100' title='bbox 723 2386 809 2466; x_wconf 87' lang='grc' dir='ltr'>πεδίῳ</span> <span class='ocrx_word' id='word_1_101' title='bbox 832 2385 936 2460; x_wconf 82' lang='grc' dir='ltr'>κακῶς.</span> 
     </span>
     <span class='ocr_line' id='line_1_17' title="bbox 1014 2471 1400 2525; baseline 0.008 -14"><span class='ocrx_word' id='word_1_102' title='bbox 1014 2472 1080 2522; x_wconf 79' lang='lat' dir='ltr'>(Men.</span> <span class='ocrx_word' id='word_1_103' title='bbox 1096 2471 1203 2521; x_wconf 70' lang='lat' dir='ltr'>Mainake,</span> <span class='ocrx_word' id='word_1_104' title='bbox 1219 2485 1239 2514; x_wconf 83' lang='grc' dir='ltr'>τ.</span> <span class='ocrx_word' id='word_1_105' title='bbox 1256 2473 1292 2522; x_wconf 81' lang='lat' dir='ltr'>lv,</span> <span class='ocrx_word' id='word_1_106' title='bbox 1307 2485 1328 2524; x_wconf 82' lang='grc' dir='ltr'>μ.</span> <span class='ocrx_word' id='word_1_107' title='bbox 1343 2475 1400 2525; x_wconf 75' lang='grc'>459.)</span> 
     </span>
    </p>
   </div>
   <div class='ocr_carea' id='block_1_7' title="bbox 206 2559 1401 2699">
    <p class='ocr_par' dir='ltr' id='par_1_7' title="bbox 206 2559 1401 2699">
     <span class='ocr_line' id='line_1_18' title="bbox 206 2559 995 2642; baseline 0 -20"><span class='ocrx_word' id='word_1_108' title='bbox 206 2561 261 2622; x_wconf 87' lang='grc' dir='ltr'>Ἐκ</span> <span class='ocrx_word' id='word_1_109' title='bbox 281 2562 406 2638; x_wconf 86' lang='grc' dir='ltr'>πολέμου</span> <span class='ocrx_word' id='word_1_110' title='bbox 429 2561 555 2642; x_wconf 86' lang='grc' dir='ltr'>μὲνγὰρ</span> <span class='ocrx_word' id='word_1_111' title='bbox 579 2559 672 2642; x_wconf 81' lang='grc' dir='ltr'>εἰρήνη</span> <span class='ocrx_word' id='word_1_112' title='bbox 696 2562 806 2638; x_wconf 79' lang='grc' dir='ltr'>μᾶλλον</span> <span class='ocrx_word' id='word_1_113' title='bbox 830 2561 995 2635; x_wconf 82' lang='grc' dir='ltr'>βεβαιοῦται.</span> 
     </span>
     <span class='ocr_line' id='line_1_19' title="bbox 1096 2646 1401 2699; baseline 0.007 -12"><span class='ocrx_word' id='word_1_114' title='bbox 1096 2646 1199 2698; x_wconf 72' lang='grc' dir='ltr'>(Τῖιιιογιῖ.</span> <span class='ocrx_word' id='word_1_115' title='bbox 1214 2647 1272 2688; x_wconf 73' lang='grc'>8401).</span> <span class='ocrx_word' id='word_1_116' title='bbox 1289 2647 1342 2696; x_wconf 77' lang='lat' dir='ltr'><strong>LIV.</strong></span> <span class='ocrx_word' id='word_1_117' title='bbox 1357 2649 1401 2699; x_wconf 76' lang='lat'>24.)</span> 
     </span>
    </p>
   </div>
   <div class='ocr_carea' id='block_1_8' title="bbox 207 2717 1404 4145">
    <p class='ocr_par' dir='ltr' id='par_1_8' title="bbox 208 2717 763 2800">
     <span class='ocr_line' id='line_1_20' title="bbox 208 2717 763 2800; baseline 0 -21"><span class='ocrx_word' id='word_1_118' title='bbox 208 2717 246 2779; x_wconf 84' lang='grc' dir='ltr'>Οί</span> <span class='ocrx_word' id='word_1_119' title='bbox 268 2719 405 2800; x_wconf 86' lang='grc' dir='ltr'>φιλόσοφοι</span> <span class='ocrx_word' id='word_1_120' title='bbox 428 2723 560 2798; x_wconf 79' lang='grc' dir='ltr'>ζητοῦσιν,</span> <span class='ocrx_word' id='word_1_121' title='bbox 584 2721 622 2790; x_wconf 88' lang='grc' dir='ltr'>ώς</span> <span class='ocrx_word' id='word_1_122' title='bbox 645 2719 763 2796; x_wconf 78' lang='grc' dir='ltr'>ἀκήκοα,</span> 
     </span>
    </p>

    <p class='ocr_par' dir='ltr' id='par_1_9' title="bbox 207 2821 942 3009">
     <span class='ocr_line' id='line_1_21' title="bbox 207 2821 942 2905; baseline 0 -22"><span class='ocrx_word' id='word_1_123' title='bbox 207 2821 271 2904; x_wconf 89' lang='grc' dir='ltr'>περί</span> <span class='ocrx_word' id='word_1_124' title='bbox 292 2826 369 2884; x_wconf 85' lang='grc' dir='ltr'>τοῦτό</span> <span class='ocrx_word' id='word_1_125' title='bbox 391 2826 415 2883; x_wconf 83' lang='grc' dir='ltr'>τ’</span> <span class='ocrx_word' id='word_1_126' title='bbox 428 2825 518 2896; x_wconf 78' lang='grc' dir='ltr'>αὺτοῖς</span> <span class='ocrx_word' id='word_1_127' title='bbox 539 2824 642 2895; x_wconf 78' lang='grc' dir='ltr'>πουλὺς</span> <span class='ocrx_word' id='word_1_128' title='bbox 665 2825 811 2884; x_wconf 74' lang='grc' dir='ltr'>ἀναλοῦται</span> <span class='ocrx_word' id='word_1_129' title='bbox 833 2826 942 2905; x_wconf 74' lang='grc' dir='ltr'>χρόνος,</span> 
     </span>
     <span class='ocr_line' id='line_1_22' title="bbox 207 2920 817 3009; baseline 0 -21"><span class='ocrx_word' id='word_1_130' title='bbox 207 2930 234 2988; x_wconf 87' lang='grc' dir='ltr'>τί</span> <span class='ocrx_word' id='word_1_131' title='bbox 258 2929 328 2988; x_wconf 86' lang='grc' dir='ltr'>ἐστιν</span> <span class='ocrx_word' id='word_1_132' title='bbox 351 2929 463 3008; x_wconf 86' lang='grc' dir='ltr'>ἀγαθόν,</span> <span class='ocrx_word' id='word_1_133' title='bbox 486 2927 568 2988; x_wconf 81' lang='grc' dir='ltr'>κοῦδὲ</span> <span class='ocrx_word' id='word_1_134' title='bbox 591 2920 631 3000; x_wconf 80' lang='grc' dir='ltr'>εἷς</span> <span class='ocrx_word' id='word_1_135' title='bbox 654 2929 753 3009; x_wconf 86' lang='grc' dir='ltr'>εύρηκέ</span> <span class='ocrx_word' id='word_1_136' title='bbox 774 2949 817 2988; x_wconf 89' lang='grc' dir='ltr'>πω</span> 
     </span>
    </p>

    <p class='ocr_par' dir='ltr' id='par_1_10' title="bbox 208 3031 847 3220">
     <span class='ocr_line' id='line_1_23' title="bbox 208 3031 847 3114; baseline -0.003 -20"><span class='ocrx_word' id='word_1_137' title='bbox 208 3035 235 3094; x_wconf 89' lang='grc' dir='ltr'>τί</span> <span class='ocrx_word' id='word_1_138' title='bbox 259 3036 339 3100; x_wconf 82' lang='grc' dir='ltr'>ἐστιν,</span> <span class='ocrx_word' id='word_1_139' title='bbox 363 3033 462 3113; x_wconf 85' lang='grc' dir='ltr'>ἀρετὴν</span> <span class='ocrx_word' id='word_1_140' title='bbox 484 3031 531 3093; x_wconf 82' lang='grc' dir='ltr'>καί</span> <span class='ocrx_word' id='word_1_141' title='bbox 553 3033 680 3114; x_wconf 85' lang='grc' dir='ltr'>φρόνησίν</span> <span class='ocrx_word' id='word_1_142' title='bbox 703 3054 777 3112; x_wconf 89' lang='grc' dir='ltr'>φασι,</span> <span class='ocrx_word' id='word_1_143' title='bbox 800 3031 847 3092; x_wconf 87' lang='grc' dir='ltr'>καὶ</span> 
     </span>
     <span class='ocr_line' id='line_1_24' title="bbox 209 3138 815 3220; baseline -0.005 -19"><span class='ocrx_word' id='word_1_144' title='bbox 209 3142 323 3220; x_wconf 86' lang='grc' dir='ltr'>λέγουσι</span> <span class='ocrx_word' id='word_1_145' title='bbox 344 3141 432 3199; x_wconf 86' lang='grc' dir='ltr'>πάντα</span> <span class='ocrx_word' id='word_1_146' title='bbox 455 3138 576 3216; x_wconf 81' lang='grc' dir='ltr'>μᾶλλον,</span> <span class='ocrx_word' id='word_1_147' title='bbox 600 3141 618 3212; x_wconf 76' lang='grc' dir='ltr'><strong>ἡ</strong></span> <span class='ocrx_word' id='word_1_148' title='bbox 640 3139 664 3197; x_wconf 90' lang='grc' dir='ltr'>τί</span> <span class='ocrx_word' id='word_1_149' title='bbox 686 3139 815 3216; x_wconf 90' lang='grc' dir='ltr'>τάγαθόν.</span> 
     </span>
    </p>

    <p class='ocr_par' dir='ltr' id='par_1_11' title="bbox 210 3241 935 3428">
     <span class='ocr_line' id='line_1_25' title="bbox 211 3241 935 3324; baseline -0.003 -20"><span class='ocrx_word' id='word_1_150' title='bbox 211 3245 242 3306; x_wconf 85' lang='grc' dir='ltr'>ἐν</span> <span class='ocrx_word' id='word_1_151' title='bbox 265 3243 342 3324; x_wconf 82' lang='grc' dir='ltr'>ἀγρῷ</span> <span class='ocrx_word' id='word_1_152' title='bbox 365 3241 507 3324; x_wconf 89' lang='grc' dir='ltr'>διατρίβων</span> <span class='ocrx_word' id='word_1_153' title='bbox 530 3245 578 3316; x_wconf 87' lang='grc' dir='ltr'>τήν</span> <span class='ocrx_word' id='word_1_154' title='bbox 600 3263 630 3302; x_wconf 89' lang='grc' dir='ltr'>τε</span> <span class='ocrx_word' id='word_1_155' title='bbox 653 3248 705 3322; x_wconf 71' lang='grc' dir='ltr'>γῆν</span> <span class='ocrx_word' id='word_1_156' title='bbox 728 3245 853 3302; x_wconf 78' lang='grc' dir='ltr'>σκάπτων</span> <span class='ocrx_word' id='word_1_157' title='bbox 878 3243 935 3321; x_wconf 84' lang='grc' dir='ltr'>ἐγώ</span> 
     </span>
     <span class='ocr_line' id='line_1_26' title="bbox 210 3341 850 3428; baseline -0.008 -19"><span class='ocrx_word' id='word_1_158' title='bbox 210 3353 256 3409; x_wconf 92' lang='grc' dir='ltr'>νῦν</span> <span class='ocrx_word' id='word_1_159' title='bbox 280 3341 371 3428; x_wconf 84' lang='grc' dir='ltr'>εὖρον·</span> <span class='ocrx_word' id='word_1_160' title='bbox 397 3347 489 3427; x_wconf 80' lang='grc' dir='ltr'>εἰρήνη</span> <span class='ocrx_word' id='word_1_161' title='bbox 502 3345 581 3407; x_wconf 88' lang='grc' dir='ltr'>’στίνΙ</span> <span class='ocrx_word' id='word_1_162' title='bbox 606 3343 628 3406; x_wconf 87' lang='grc' dir='ltr'>ώ</span> <span class='ocrx_word' id='word_1_163' title='bbox 652 3347 705 3406; x_wconf 93' lang='grc' dir='ltr'>Ζεῦ</span> <span class='ocrx_word' id='word_1_164' title='bbox 728 3346 850 3425; x_wconf 83' lang='grc' dir='ltr'>φίλτατε,</span> 
     </span>
    </p>

    <p class='ocr_par' dir='ltr' id='par_1_12' title="bbox 210 3449 1404 3727">
     <span class='ocr_line' id='line_1_27' title="bbox 210 3449 1404 3588; baseline -0.005 -76"><span class='ocrx_word' id='word_1_165' title='bbox 210 3459 261 3530; x_wconf 77' lang='grc' dir='ltr'>τῆς</span> <span class='ocrx_word' id='word_1_166' title='bbox 284 3451 460 3532; x_wconf 76' lang='grc' dir='ltr'>ἐπαφροδίτου</span> <span class='ocrx_word' id='word_1_167' title='bbox 481 3449 529 3511; x_wconf 86' lang='grc' dir='ltr'>καὶ</span> <span class='ocrx_word' id='word_1_168' title='bbox 551 3452 741 3530; x_wconf 78' lang='grc' dir='ltr'>φιλανθρώπου</span> <span class='ocrx_word' id='word_1_169' title='bbox 764 3451 836 3512; x_wconf 89' lang='grc' dir='ltr'>θεοῦ.</span> <span class='ocrx_word' id='word_1_170' title='bbox 1001 3533 1094 3582; x_wconf 52' lang='lat' dir='ltr'>mmm</span> <span class='ocrx_word' id='word_1_171' title='bbox 1117 3533 1215 3575; x_wconf 53' lang='lat' dir='ltr'>Heium</span> <span class='ocrx_word' id='word_1_172' title='bbox 1239 3547 1251 3576; x_wconf 75' lang='lat' dir='ltr'>v</span> <span class='ocrx_word' id='word_1_173' title='bbox 1274 3535 1302 3576; x_wconf 66' lang='grc' dir='ltr'><strong>Π</strong></span> <span class='ocrx_word' id='word_1_174' title='bbox 1327 3537 1404 3588; x_wconf 72' lang='lat'>1³22)</span> 
     </span>
     <span class='ocr_line' id='line_1_28' title="bbox 212 3642 997 3727; baseline -0.009 -20"><span class='ocrx_word' id='word_1_175' title='bbox 212 3643 385 3727; x_wconf 81' lang='grc' dir='ltr'>*-*”οσῳ</span> <span class='ocrx_word' id='word_1_176' title='bbox 409 3691 416 3706; x_wconf 92' lang='grc'>.</span> <span class='ocrx_word' id='word_1_177' title='bbox 441 3691 448 3706; x_wconf 92' lang='grc'>.</span> <span class='ocrx_word' id='word_1_178' title='bbox 471 3646 596 3721; x_wconf 86' lang='grc' dir='ltr'>πολέμου</span> <span class='ocrx_word' id='word_1_179' title='bbox 618 3647 740 3724; x_wconf 86' lang='grc' dir='ltr'>κρεῖσσον</span> <span class='ocrx_word' id='word_1_180' title='bbox 764 3642 856 3724; x_wconf 83' lang='grc' dir='ltr'>εἰρήνη</span> <span class='ocrx_word' id='word_1_181' title='bbox 881 3643 997 3723; x_wconf 79' lang='grc' dir='ltr'>βροτοῖς,</span> 
     </span>
    </p>

    <p class='ocr_par' dir='ltr' id='par_1_13' title="bbox 212 3749 826 3834">
     <span class='ocr_line' id='line_1_29' title="bbox 212 3749 826 3834; baseline -0.01 -21"><span class='ocrx_word' id='word_1_182' title='bbox 212 3757 231 3830; x_wconf 76' lang='grc' dir='ltr'>ἡ</span> <span class='ocrx_word' id='word_1_183' title='bbox 254 3757 349 3834; x_wconf 88' lang='grc' dir='ltr'>πρῶτα</span> <span class='ocrx_word' id='word_1_184' title='bbox 372 3751 422 3827; x_wconf 87' lang='grc' dir='ltr'>μὲν</span> <span class='ocrx_word' id='word_1_185' title='bbox 446 3751 580 3810; x_wconf 89' lang='grc' dir='ltr'>Μούσαισι</span> <span class='ocrx_word' id='word_1_186' title='bbox 601 3749 826 3830; x_wconf 81' lang='grc' dir='ltr'>προσφιλεστάτη,</span> 
     </span>
    </p>

    <p class='ocr_par' dir='ltr' id='par_1_14' title="bbox 214 3853 806 3938">
     <span class='ocr_line' id='line_1_30' title="bbox 214 3853 806 3938; baseline -0.014 -20"><span class='ocrx_word' id='word_1_187' title='bbox 214 3859 302 3938; x_wconf 88' lang='grc' dir='ltr'>γόοισι</span> <span class='ocrx_word' id='word_1_188' title='bbox 327 3855 351 3914; x_wconf 85' lang='grc' dir='ltr'>δ’</span> <span class='ocrx_word' id='word_1_189' title='bbox 366 3854 462 3936; x_wconf 81' lang='grc' dir='ltr'>ἐχθρὰ,</span> <span class='ocrx_word' id='word_1_190' title='bbox 486 3857 611 3934; x_wconf 83' lang='grc' dir='ltr'>τέρπεται</span> <span class='ocrx_word' id='word_1_191' title='bbox 635 3853 806 3935; x_wconf 79' lang='grc' dir='ltr'>δἐύπαιδίφι,</span> 
     </span>
    </p>

    <p class='ocr_par' dir='ltr' id='par_1_15' title="bbox 213 3955 882 4043">
     <span class='ocr_line' id='line_1_31' title="bbox 213 3955 882 4043; baseline -0.009 -21"><span class='ocrx_word' id='word_1_192' title='bbox 213 3963 305 4043; x_wconf 83' lang='grc' dir='ltr'>χαίρει</span> <span class='ocrx_word' id='word_1_193' title='bbox 329 3959 360 4020; x_wconf 86' lang='grc' dir='ltr'>δὲ</span> <span class='ocrx_word' id='word_1_194' title='bbox 382 3959 506 4040; x_wconf 86' lang='grc' dir='ltr'>πλούτῳ·</span> <span class='ocrx_word' id='word_1_195' title='bbox 530 3955 604 4018; x_wconf 85' lang='grc' dir='ltr'>ταῦτ’</span> <span class='ocrx_word' id='word_1_196' title='bbox 617 3957 731 4037; x_wconf 85' lang='grc' dir='ltr'>ἀφέντες</span> <span class='ocrx_word' id='word_1_197' title='bbox 753 3957 779 4016; x_wconf 88' lang='grc' dir='ltr'>οί</span> <span class='ocrx_word' id='word_1_198' title='bbox 800 3955 882 4017; x_wconf 84' lang='grc' dir='ltr'>κακοὶ</span> 
     </span>
    </p>

    <p class='ocr_par' dir='ltr' id='par_1_16' title="bbox 214 4059 848 4145">
     <span class='ocr_line' id='line_1_32' title="bbox 214 4059 848 4145; baseline -0.014 -16"><span class='ocrx_word' id='word_1_199' title='bbox 214 4067 355 4142; x_wconf 84' lang='grc' dir='ltr'>πολέμους</span> <span class='ocrx_word' id='word_1_200' title='bbox 379 4062 587 4145; x_wconf 86' lang='grc' dir='ltr'>ἀναιρούμεσθα,</span> <span class='ocrx_word' id='word_1_201' title='bbox 610 4059 657 4122; x_wconf 89' lang='grc' dir='ltr'>καὶ</span> <span class='ocrx_word' id='word_1_202' title='bbox 679 4063 725 4122; x_wconf 89' lang='grc' dir='ltr'>τδν</span> <span class='ocrx_word' id='word_1_203' title='bbox 746 4065 848 4137; x_wconf 80' lang='grc' dir='ltr'>ἥσσονα</span> 
     </span>
    </p>
   </div>
   <div class='ocr_carea' id='block_1_9' title="bbox 217 4165 1408 4302">
    <p class='ocr_par' dir='ltr' id='par_1_17' title="bbox 217 4165 1408 4302">
     <span class='ocr_line' id='line_1_33' title="bbox 217 4165 894 4251; baseline -0.006 -19"><span class='ocrx_word' id='word_1_204' title='bbox 217 4171 379 4247; x_wconf 86' lang='grc' dir='ltr'>δουλούμεθ’</span> <span class='ocrx_word' id='word_1_205' title='bbox 391 4165 491 4251; x_wconf 88' lang='grc' dir='ltr'>ἀνδρες</span> <span class='ocrx_word' id='word_1_206' title='bbox 513 4167 608 4248; x_wconf 78' lang='grc' dir='ltr'>ἄνδρα,</span> <span class='ocrx_word' id='word_1_207' title='bbox 631 4166 678 4228; x_wconf 85' lang='grc' dir='ltr'>καὶ</span> <span class='ocrx_word' id='word_1_208' title='bbox 700 4167 782 4238; x_wconf 88' lang='grc' dir='ltr'>πόλις</span> <span class='ocrx_word' id='word_1_209' title='bbox 803 4167 894 4228; x_wconf 88' lang='grc' dir='ltr'>πόλιν.</span> 
     </span>
     <span class='ocr_line' id='line_1_34' title="bbox 1171 4250 1408 4302; baseline 0.008 -2"><span class='ocrx_word' id='word_1_210' title='bbox 1171 4250 1203 4300; x_wconf 70' lang='grc' dir='ltr'>(Ε.</span> <span class='ocrx_word' id='word_1_211' title='bbox 1218 4250 1293 4301; x_wconf 74' lang='lat' dir='ltr'><strong>Suppl.</strong></span> <span class='ocrx_word' id='word_1_212' title='bbox 1303 4252 1408 4302; x_wconf 60' lang='grc' dir='ltr'>θύειν)</span> 
     </span>
    </p>
   </div>
   <div class='ocr_carea' id='block_1_10' title="bbox 119 4343 574 4428">
    <p class='ocr_par' dir='ltr' id='par_1_18' title="bbox 119 4343 574 4428">
     <span class='ocr_line' id='line_1_35' title="bbox 119 4343 574 4428; baseline -0.015 -18"><span class='ocrx_word' id='word_1_213' title='bbox 119 4385 131 4402; x_wconf 80' lang='lat'><strong>·</strong></span> <span class='ocrx_word' id='word_1_214' title='bbox 216 4347 348 4424; x_wconf 81' lang='grc' dir='ltr'>Τάληθὲς</span> <span class='ocrx_word' id='word_1_215' title='bbox 372 4344 466 4428; x_wconf 76' lang='grc' dir='ltr'>εἰρήνη</span> <span class='ocrx_word' id='word_1_216' title='bbox 488 4343 574 4424; x_wconf 92' lang='grc' dir='ltr'>φίλον.</span> 
     </span>
    </p>
   </div>
   <div class='ocr_carea' id='block_1_11' title="bbox 217 4423 1409 4598">
    <p class='ocr_par' dir='ltr' id='par_1_19' title="bbox 217 4423 1409 4598">
     <span class='ocr_line' id='line_1_36' title="bbox 1320 4423 1409 4476; baseline -0.011 -11"><span class='ocrx_word' id='word_1_217' title='bbox 1320 4423 1409 4476; x_wconf 73' lang='lat' dir='ltr'><strong>(Philo.)</strong></span> 
     </span>
     <span class='ocr_line' id='line_1_37' title="bbox 217 4515 834 4598; baseline -0.011 -17"><span class='ocrx_word' id='word_1_218' title='bbox 217 4521 310 4581; x_wconf 86' lang='grc' dir='ltr'>Τίκτει</span> <span class='ocrx_word' id='word_1_219' title='bbox 333 4519 365 4578; x_wconf 91' lang='grc' dir='ltr'>δέ</span> <span class='ocrx_word' id='word_1_220' title='bbox 387 4539 417 4578; x_wconf 89' lang='grc' dir='ltr'>τε</span> <span class='ocrx_word' id='word_1_221' title='bbox 440 4519 572 4578; x_wconf 83' lang='grc' dir='ltr'>θνατοῖσιν</span> <span class='ocrx_word' id='word_1_222' title='bbox 596 4515 689 4598; x_wconf 86' lang='grc' dir='ltr'>είράνα</span> <span class='ocrx_word' id='word_1_223' title='bbox 712 4516 834 4594; x_wconf 80' lang='grc' dir='ltr'>μεγάλα·</span> 
     </span>
    </p>
   </div>
   <div class='ocr_carea' id='block_1_12' title="bbox 217 4621 1410 4756">
    <p class='ocr_par' dir='ltr' id='par_1_20' title="bbox 217 4621 1410 4756">
     <span class='ocr_line' id='line_1_38' title="bbox 217 4621 891 4704; baseline -0.012 -17"><span class='ocrx_word' id='word_1_224' title='bbox 217 4625 334 4688; x_wconf 89' lang='grc' dir='ltr'>πλοῦτόν</span> <span class='ocrx_word' id='word_1_225' title='bbox 356 4644 397 4704; x_wconf 89' lang='grc' dir='ltr'>τε,</span> <span class='ocrx_word' id='word_1_226' title='bbox 421 4622 622 4701; x_wconf 81' lang='grc' dir='ltr'>μελιγλώσσων</span> <span class='ocrx_word' id='word_1_227' title='bbox 644 4622 668 4681; x_wconf 88' lang='grc' dir='ltr'>τ’</span> <span class='ocrx_word' id='word_1_228' title='bbox 681 4621 776 4681; x_wconf 81' lang='grc' dir='ltr'>ἀοιδᾶν</span> <span class='ocrx_word' id='word_1_229' title='bbox 798 4621 891 4680; x_wconf 81' lang='grc' dir='ltr'>ἄνθεα.</span> 
     </span>
     <span class='ocr_line' id='line_1_39' title="bbox 890 4703 1410 4756; baseline 0.002 -12"><span class='ocrx_word' id='word_1_230' title='bbox 890 4704 999 4756; x_wconf 77' lang='grc' dir='ltr'>(Βισοίιγῖ.</span> <span class='ocrx_word' id='word_1_231' title='bbox 1015 4703 1173 4754; x_wconf 74' lang='lat' dir='ltr'>Schneidewin.</span> <span class='ocrx_word' id='word_1_232' title='bbox 1190 4705 1301 4754; x_wconf 74' lang='lat' dir='ltr'>Deiectus,</span> <span class='ocrx_word' id='word_1_233' title='bbox 1316 4715 1337 4754; x_wconf 84' lang='lat' dir='ltr'>p.</span> <span class='ocrx_word' id='word_1_234' title='bbox 1353 4705 1410 4754; x_wconf 77' lang='lat'><strong>4⁴2.)</strong></span> 
     </span>
    </p>
   </div>
   <div class='ocr_carea' id='block_1_13' title="bbox 0 0 1796 5500">
    <p class='ocr_par' dir='ltr' id='par_1_21' title="bbox 0 0 1796 5500">
     <span class='ocr_line' id='line_1_40' title="bbox 0 0 1796 5500; baseline 0 0"><span class='ocrx_word' id='word_1_235' title='bbox 0 0 1796 5500; x_wconf 95' lang='lat' dir='ltr'> </span> 
     </span>
    </p>
   </div>
  </div>
 </body>
</html>
