3532 5500
727 569 964 636 -243-

248 757 363 824 ’λπολεῖ
384 783 420 838 με
442 765 473 824 τ“ο
495 765 587 842 γένος.
613 764 650 838 μὴ
674 762 748 844 λέγ’,
772 763 796 824 εἰ
819 765 908 845 φιλεῖς
931 763 992 842 ἐμὲ,

250 873 347 948 μῆτερ,
373 868 414 947 ἐφ’
427 869 533 947 ἑκάστῳ
556 871 586 928 το
608 869 699 948 γένος.
723 860 763 940 οῖς
786 873 818 928 ἀν
840 875 874 950 τῇ
897 870 972 948 φύσει

250 973 353 1051 ἀγαθον
376 973 485 1054 ὑπάρχῃ
509 971 595 1049 μηδὲν
619 971 719 1032 οἰκεῖον
741 975 850 1054 προσάν,

248 1077 339 1136 ἐκεῖσε
362 1079 573 1156 καταφεύγουσιν
597 1075 636 1148 είς
658 1078 692 1136 τὰ
715 1079 844 1154 μνήματα

247 1181 295 1241 καί
316 1183 347 1241 τὸ
369 1184 459 1260 γένος,
482 1182 635 1262 ἀριθμοῦσίν
657 1203 687 1242 τε
708 1182 771 1254 τους
792 1185 926 1262 πάππους,
950 1184 1017 1244 ὅσοι.

249 1288 328 1347 ουδὲν
352 1287 446 1365 ἔχουσι
468 1288 574 1366 πλεῖον,
598 1287 655 1346 ουδ’
669 1287 752 1368 ἐρεῖς,
776 1289 829 1367 ὅτῳ

249 1390 299 1451 οὔκ
321 1390 371 1450 εἰσι
392 1394 513 1451 πάπποι·
537 1398 595 1462 πῶς
618 1392 673 1472 γάρ
696 1393 816 1472 ἐγένοντ’
830 1393 862 1451 ἀν
885 1413 968 1472 ποτε;

249 1495 276 1554 εί
298 1497 336 1572 μὴ
360 1496 454 1574 λέγειν
478 1495 503 1554 δ’
517 1496 610 1573 ἔχουσι
632 1497 740 1568 τούτους
763 1496 808 1556 διά
830 1517 889 1556 τινα

247 1602 331 1660 τόπου
354 1599 524 1678 μεταβολὴν,
546 1603 565 1674 ἦ
587 1601 673 1679 φίλων
694 1595 820 1680 ἐρημίαν,

248 1704 275 1763 τί
296 1711 349 1764 τῶν
371 1704 511 1780 λεγόντων
536 1702 586 1764 εἰσί
610 1704 829 1784 ἀυσγενέστεροι;

247 1811 281 1880 ἀς
304 1812 336 1867 ἀν
360 1804 389 1868 εὖ
411 1809 536 1886 γεγονὼς
557 1804 576 1890 ᾖ
598 1814 631 1889 τῇ
655 1810 728 1887 φθσει
750 1810 818 1888 πράς
840 1808 957 1886 τάγαθά,

246 1913 303 1972 κᾶν
321 1912 418 1991 Αἰθίοψ
440 1911 469 1996 ᾖ,
493 1919 589 1993 μῆτερ,
614 1911 683 1972 ἐστίν
707 1914 829 1992 είιγενής.

247 2018 358 2094 Σκύθης
379 2039 437 2098 τις;
461 2017 586 2098 ὄλεθρος.
610 2019 625 2076 ὁ
648 2017 673 2076 θ’
687 2019 848 2097 Ἀνάχαρσις
872 2021 902 2078 οὐ
925 2019 1047 2098 Σκύθηςγ

976 2103 1042 2154 (Men.
1057 2102 1134 2144 incert.
1149 2102 1255 2152 Xoineko,
1270 2115 1290 2144 v.
1306 2103 1341 2150 IV.
1356 2115 1376 2154 p.
1387 2104 1445 2154 229.)

247 2175 415 2248 Γενναιάτης
438 2194 488 2252 σοι,
510 2172 558 2233 καὶ
579 2177 685 2255 τρέπων
707 2175 853 2255 τεκμήριον

246 2282 282 2339 τ“ο
306 2281 391 2358 σχῆμ’
406 2281 481 2357 ἔχεις
502 2280 569 2360 τόδ’,
592 2281 651 2355 ἥτις
675 2275 700 2338 εῖ
722 2281 792 2358 ποτ’,
815 2275 838 2340 ὦ
860 2282 946 2359 γθναι.

248 2379 332 2463 γνοίη
355 2385 380 2443 δ’
393 2388 426 2443 ἀν
449 2386 487 2455 ὡς
509 2385 543 2444 τά
564 2385 660 2445 πολλοί
682 2387 710 2464 γ’
722 2386 862 2465 ἀνθρώπου
884 2387 945 2466 πέρι

247 2489 283 2547 τὸ
310 2487 394 2566 σχῆμ’
407 2487 472 2548 ἰδών
495 2511 545 2570 τις,
569 2487 591 2548 εἰ
615 2492 731 2569 πέφυκεν
756 2491 878 2568 εῖιγενής.
1235 2575 1261 2624 OE
1280 2574 1318 2614 m
1340 2571 1442 2624 mm)

248 2645 353 2717 Γένους
376 2645 401 2705 δ’
415 2647 523 2718 ἔπαινός
547 2647 616 2707 ἐστιν
639 2648 844 2725 ἀσφαλέστατος

247 2749 315 2808 κατ’
328 2749 403 2830 ἄνδρ’
417 2751 545 2828 ἐπαινεῖν,
569 2753 641 2822 ὅστις
664 2755 697 2810 ἀν
721 2751 828 2824 δίκαιος
849 2747 868 2832 ἦ

247 2857 368 2935 τρόπους
389 2855 413 2913 τ’
428 2857 542 2936 ἀριστος,
566 2859 658 2916 τοῦτον
682 2856 779 2933 εὺγενῆ
802 2857 911 2918 καλεῖν.

1081 2941 1200 2992 (Δειγάειο.
1217 2939 1277 2981 stob.
1293 2937 1400 2988 LXXXVI,
1416 2938 1447 2988 3.)

248 3013 348 3083 Δεινος
369 3014 513 3091 χαρακτὴρ
535 3012 691 3088 κάπίοημος
714 3012 743 3072 έν
766 3013 883 3092 βροτοῖς,

250 3116 360 3176 ἐσθλῶν
382 3117 519 3196 γενέσθαι,
542 3115 608 3176 κάπὶ
631 3118 722 3192 μεῖζον
746 3117 856 3196 έρχεται

247 3227 304 3295 τῆς
326 3221 465 3297 ευγενείοις
486 3220 574 3296 ένομα
595 3224 677 3280 τοῖσιν
700 3218 795 3294 ἀξίοις.

1200 3305 1233 3355 (E.
1248 3303 1328 3345 flonub.
1343 3305 1381 3344 θῖθ
1389 3303 1445 3352 sqq.)

250 3377 332 3454 Ἐγὼ
356 3377 407 3452 μέν
430 3371 476 3435 οὖν
499 3378 548 3436 οίικ
570 3371 632 3457 οἷδ’,
655 3379 730 3450 ὅπως
752 3380 862 3438 σκοπεῖν
884 3377 975 3458 χρεὼν

248 3483 303 3556 την
326 3481 481 3560 εῖιγένειαν·
504 3482 565 3553 τοὶις
587 3483 640 3562 γάρ
664 3481 802 3562 ἀνδρείους
825 3484 898 3561 φὺσιν

248 3584 302 3646 καὶ
324 3585 385 3657 τους
409 3585 528 3658 δικαίους
549 3592 603 3644 τῶν
625 3591 712 3645 κενῶν
736 3583 927 3663 δοξασμάτων,

249 3691 307 3750 κάν
329 3687 378 3750 ὦσι
403 3690 520 3763 δούλων,
545 3692 750 3771 εθγενεστέρους
772 3691 860 3770 λέγω.

1090 3774 1123 3825 (Ε.
1139 3773 1173 3813 Fr.
1189 3771 1305 3822 Melanipp.
1316 3771 1385 3812 Vinct.
1401 3771 1447 3822 xl.»

251 3848 332 3926 Ἐγὼ
355 3848 406 3923 μὲν
429 3845 520 3908 οὔποτ’
534 3848 672 3926 εὐγένειαν
693 3847 787 3929 ᾔνεσα,

252 3952 304 4028 τὴν
325 3954 499 4032 προστάταισι
521 3955 668 4032 χρωμένην
691 3949 820 4023 ἀναξίοις.

1082 4033 1205 4083 (Τυωυεπ.
1221 4033 1280 4074 εισι.
1295 4033 1402 4081 Lxxxw,
1417 4035 1448 4084 5.)

253 4107 305 4180 Εἰς
327 4107 352 4166 δ’
369 4111 509 4188 εὐγένειαν
532 4108 606 4187 ὀλίγ’
621 4109 678 4186 ἔχω
701 4111 797 4188 φράσαι
820 4107 912 4166 καλά·

253 4215 271 4273 ὁ
294 4213 345 4287 μὲν
367 4213 421 4293 γάρ
445 4211 543 4284 ἐσθλός
566 4214 681 4290 εῐιγενὴς
705 4213 795 4290 ἔμοιγ’
807 4210 885 4292 ἀνὴρ,

252 4318 271 4376 ὁ
294 4317 319 4376 δ’
334 4319 363 4377 οῖι
387 4317 502 4396 δίκαιος,
525 4320 576 4376 κάν
599 4317 742 4392 ἀμείνονος
764 4319 867 4396 πατρὸς

251 4423 344 4495 Ζηνὸς
364 4422 482 4503 πεφύκῃ,
505 4421 637 4500 δυσγενὴς
660 4416 727 4480 εἶναι
751 4421 836 4482 δοκεῖ,

1208 4503 1241 4553 (Ε.
1257 4503 1291 4544 Fr.
1307 4501 1387 4553 Dictys,
1402 4501 1448 4552 xl.)

253 4577 289 4638 Εἰ
311 4579 367 4650 τοῖς
391 4579 420 4637 ἐν
443 4577 510 4658 οἴκῳ
531 4581 670 4657 χρήμασιν
691 4578 877 4658 λελείμμεθα,

251 4683 273 4759 ἡ
297 4680 322 4740 δ’
337 4683 461 4760 εὐγένεια
482 4681 530 4742 καί
551 4685 582 4742 το
604 4686 728 4761 γενναῖον
751 4685 836 4758 μένει.

1213 4763 1246 4814 (Ε.
1262 4763 1297 4803 Fr.
1312 4762 1388 4804 incert.
1404 4763 1448 4812 ³7.)

1243 4834 1290 4884 16*
