3476 5490
869 479 997 576 -'78
1042 551 1084 562 -

382 704 483 786 Ἄνδρα
505 707 594 783 ζητεῖν
616 707 766 786 χρημάτων
789 705 920 782 δεόμενον
943 705 1055 782 μᾶλλον
1076 710 1095 783 ἢ
1118 710 1248 788 wem
1270 707 1377 790 ἀνδρὸς·
1391 792 1567 844 (mmmm)

382 846 460 926 Ἀνὴρ
482 845 514 906 δὲ
536 845 671 926 πλουτῶν,
693 849 745 906 κάν
768 845 838 926 άγαν
861 845 1028 929 ψευδηγορῇ,

382 951 459 1011 δοκεῖ
479 971 504 1010 τι
526 953 634 1032 φράζειν
656 953 712 1023 τοῖς
734 948 858 1011 ἀκούους’
872 950 1004 1031 ἀσφαλές.
1070 1033 1162 1086 (mm
1185 1034 1251 1087 comp
1273 1035 1370 1078 menoch
1443 1035 1472 1078 Ν
1527 1038 1567 1087 ³0)

1112 1048 1170 1077 1,
1253 1048 1557 1087 .1⁰.V··P··

381 1101 527 1189 *-*Ἀρ’
550 1102 617 1168 οἷσθ’
630 1108 754 1185 δθούνεχ
767 1107 791 1169 οἱ
813 1108 864 1184 μὲν
888 1109 1009 1187 εὐγενεῖς
1031 1106 1145 1190 βροτῶν,

379 1212 495 1287 πένητες
518 1211 604 1291 ὄντες,
628 1212 706 1272 ούδὲν
729 1212 883 1293 έμραίνουσ’
897 1213 949 1286 έτι,

381 1317 408 1375 σί
429 1317 453 1376 δ’
466 1315 542 1377 ούδὲν
565 1315 634 1394 ἦσαν
655 1318 783 1398 πρόσθεν,
806 1315 896 1392 ὄλβιοι
919 1317 950 1378 δὲ
973 1319 1028 1396 νύν,

381 1417 463 1492 δόξαν
486 1423 611 1501 ρέρονται
632 1425 678 1482 τού
700 1421 866 1498 νομίσματος
888 1424 968 1502 χάριν

380 1524 427 1585 καὶ
451 1527 654 1601 συμπλέκοντες
676 1527 785 1607 σπέρμα
807 1525 854 1585 καί
876 1529 966 1605 γάμον
988 1526 1102 1587 τέκνων.

1323 1612 1357 1662 (Ε.
1372 1611 1408 1653 Fr.
1424 1611 1505 1661 Ιλτπεθ,
1518 1611 1567 1660 XV.)

380 1681 518 1763 Βέλτερόν
542 1683 599 1744 ἐστι
622 1683 707 1761 τύχης
730 1679 776 1742 καί
799 1681 974 1757 θλιβομένοις
997 1681 1153 1763 ἀνέχεσθαι,

482 1791 576 1862 ἢτών
598 1787 784 1847 πλουτούντων
806 1791 856 1862 τῆς
878 1785 1068 1867 ύπερηρανίης.

1280 1871 1371 1923 (Ρελίεά.
1386 1872 1476 1914 Anthol.
1490 1873 1514 1924 Χ,
1527 1875 1567 1924 9³.)

307 1983 311 1991 .
380 1925 433 2009 Βίᾳ
454 1931 499 1986 νύν
523 1927 626 2006 ἕλκετ’,
649 1923 672 1987 ώ
695 1925 786 2006 κακοὶ,
810 1927 900 2008 τιμὰς,
925 1925 1029 2008 βροτοὶ,

379 2029 426 2090 καί
448 2031 548 2091 κτᾶσθε
569 2031 687 2092 πλούτου
710 2031 842 2092 ποντόθεν
865 2031 1019 2111 θηρώμενοι

378 2136 524 2218 σύμμικτοι,
549 2136 588 2213 μὴ
612 2135 704 2196 δίκαια
725 2134 772 2196 καὶ
795 2135 877 2196 δίκαι’
889 2137 973 2211 όμού·

379 2240 462 2299 ἔπειτ’
473 2239 579 2317 ἀμάσθε
601 2241 688 2300 τώνδε
711 2240 837 2316 δύστηνον
861 2241 948 2320 θέρος.

1343 2326 1376 2376 (Ε.
1392 2325 1427 2366 Fr.
1443 2325 1489 2376 Ιπο,
1503 2325 1566 2376 ΧΠΙλ

379 2399 483 2460 Βούλεο
507 2397 531 2458 δ’
544 2399 678 2475 εύσεβέων
702 2398 807 2478 ὀλίγοις
831 2399 876 2458 σύν
899 2399 1037 2479 χρήμασιν
1061 2395 1156 2477 οἰκεῖν,

481 2506 499 2578 ἡ
521 2503 648 2563 πλουτεῖν
672 2501 775 2576 ἀδίκως
796 2506 928 2583 χρήματα
949 2505 1118 2578 πασάμενος·
1343 2586 1461 2640 (nmis
1484 2591 1566 2640 μοις)

377 2659 541 2736 Βουλόμεθα
562 2660 688 2721 πλουτεῖν
710 2662 819 2741 πάντες,
843 2659 910 2720 ἀλλ’
922 2660 952 2720 ού
976 2659 1123 2735 δυνάμεθα·
1472 2743 1565 2796 (comio)

377 2816 426 2876 Δεῖ
448 2817 482 2892 δὴ
504 2819 665 2899 χρημάτων,
688 2817 734 2878 καὶ
758 2813 822 2878 άνευ
845 2818 944 2878 τούτων
968 2816 1045 2877 ούδέν
1070 2816 1140 2876 ἐστιν
1162 2816 1288 2896 γεύεσθαι
1312 2822 1365 2876 τών
1389 2815 1514 2880 δεόντων.

1308 2918 1429 2970 (Βεντιοοῖύ.
1443 2918 1528 2972 Olynth.
1539 2918 1565 2968 1.)

376 2988 556 3064 *-*Δεινδς
578 2992 631 3073 γὰρ
655 2994 745 3072 ἕρπειν
766 2993 884 3064 πλοῦτος
907 2992 937 3063 ές
958 3011 988 3050 τε
1010 2985 1118 3066 τᾶβατα

376 3093 423 3156 καί
446 3097 514 3176 πρός
537 3096 571 3156 τὰ
594 3095 673 3176 βατὰ,
697 3097 823 3174 χωπόθεν
846 3097 931 3172 πένης
954 3093 1022 3175 ἀνὴρ

377 3199 574 3279 μήδ’έντυχών
598 3199 696 3260 δύναιτ’
710 3204 743 3260 ἂν
766 3195 804 3260 ὧν
828 3201 880 3283 ἐρᾷ
901 3201 1000 3278 τυχεῖν.

376 3305 499 3387 καὶγὰρ
522 3305 645 3378 δυσειδὲς
668 3311 748 3381 σῶμα
770 3303 817 3366 καί
840 3304 997 3380 δυσώνυμον

376 3411 491 3493 γλώσσῃ
515 3412 596 3491 σορόν
617 3409 719 3486 τίθησιν
742 3408 873 3491 εύμορρύν
894 3409 919 3469 τ’
931 3407 1007 3469 ἰδεῖν.

378 3521 453 3596 μόνῳ
476 3515 507 3576 δὲ
528 3517 635 3596 χαίρειν
657 3515 704 3576 καὶ
726 3518 814 3576 νοσεῖν
837 3511 945 3588 ἐξουσία

376 3624 503 3702 πάρεστιν
526 3618 598 3696 αύτῷ
620 3621 837 3702 κάπικρύψασθαι
859 3621 942 3681 κακά.

376 3759 555 3820 *-*Δούναι
578 3759 609 3821 δὲ
632 3760 743 3836 μάλλον
765 3759 886 3839 πλουσίῳ
908 3764 962 3830 πάς
983 3779 1024 3830 τις
1045 3757 1124 3836 κοντῷ

377 3867 513 3948 πρόθυμός
537 3865 607 3927 ἐστιν
629 3869 647 3942 ἢ
670 3867 764 3943 πένητι
785 3863 911 3945 κάγαθῷ,

376 3972 463 4043 κακός
486 3969 538 4029 δ’ὁ
561 3971 599 4048 μὴ
612 3970 691 4050 ’χων,
715 3969 741 4031 οἱ
763 3968 787 4028 δ’
801 3970 914 4048 ἔχοντες
936 3967 1034 4044 όλβιοι.

1321 4068 1353 4119 (E.
1369 4067 1405 4109 Ετ.
1421 4067 1500 4116 Dum,
1514 4065 1564 4115 XV.)

376 4147 491 4207 Δύναται
513 4147 543 4206 τύ
565 4145 692 4206 πλουτεῖν
714 4143 762 4206 καί
783 4145 989 4225 φιλανθρώπους
1010 4143 1105 4204 ποιεῖν.

1187 4225 1253 4278 (λύειν.
1268 4225 1387 4276 Μοίμοολο,
1402 4237 1423 4268 ν.
1439 4225 1475 4274 lv,
1489 4237 1510 4276 ρ,
1524 4225 1564 4274 16.)

376 4285 523 4368 Δυοχερὲς,
545 4285 713 4345 πλουτοῦντα
735 4286 888 4364 σωφρονεῖν.
1487 4363 1564 4416 (va›

377 4442 444 4502 Ἐὰν
466 4443 555 4524 γέρων
577 4442 689 4520 γένηται
710 4439 841 4512 πλούσιος
862 4440 965 4524 γεγώς,

376 4547 465 4608 καλὸν
487 4547 517 4606 τύ
540 4542 628 4627 γηράς
652 4545 722 4605 ἐστιν
747 4542 791 4604 ἐπὶ
813 4544 898 4624 τούτῳ
921 4545 1013 4625 μόνον,

377 4653 436 4732 ἔχει
458 4650 512 4732 γὰρ
534 4651 709 4732 χειραγωγὸν
730 4649 776 4709 τόν
798 4647 915 4710 πλούτου
938 4649 953 4708 ό
975 4649 1075 4729 γέρων.

1066 4729 1166 4782 (Philam.
1177 4729 1253 4772 inem.
1269 4729 1385 4779 κοινωνει,
1401 4742 1421 4770 ι.
1438 4729 1472 4772 ιν.
1488 4741 1507 4780 η.
1524 4731 1564 4777 ιι.)
