3516 5500
887 522 1123 586 -318-

406 715 440 774 τὰ
460 721 494 798 τῇ
517 718 643 796 φρονήσει
665 713 712 774 καὶ
734 718 790 787 τοῖς
812 715 957 794 λογισμοῖς
979 715 1067 794 ὀρθῶς
1091 715 1292 790 ἐκπεπονῆσθαι

407 820 536 880 δοκοῦντα
558 821 624 900 πρός
646 821 677 880 io
699 819 795 891 καλῶς
818 822 875 897 ζῆν.

1273 902 1408 954 (cutam-eh.
1423 901 1483 942 Stoi.
1497 899 1538 951 cv,
1551 900 1591 950 το.)

406 978 446 1036 Το
468 982 517 1052 τῆς
539 977 624 1054 τύχης
646 976 699 1056 γάρ
722 976 833 1054 ἀφανὲς,
856 969 883 1034 οί
903 977 1078 1056 προβήσεται,

406 1083 481 1142 κᾶστ’
496 1083 526 1142 σθ
548 1081 684 1159 διδακτόν,
709 1081 764 1140 ουδ’
778 1081 919 1142 ἁλίσκεται
941 1085 1036 1163 τέχνη.

1364 1165 1398 1216 (E.
1413 1163 1492 1205 Δίοεσθ.
1508 1163 1545 1204 185
1552 1163 1591 1212 sq.)

406 1240 515 1319 Τυίίλόν
537 1261 571 1320 γε
593 1237 641 1298 καὶ
663 1238 792 1314 mm&
816 1239 886 1298 ἐστιν
908 1240 926 1314 ἡ
948 1239 1029 1318 τύχη
1214 1321 1274 1373 (1011
1297 1319 1398 1362 Mainake
1420 1332 1434 1360 v
1455 1320 1483 1361 W
1505 1331 1519 1372 Ρ
1541 1321 1591 1369 195)

404 1397 495 1477 Τύχα,
519 1399 646 1476 μερόπων
669 1396 741 1476 ἀργά
763 1417 793 1456 τε
815 1393 862 1456 καὶ

404 1505 500 1581 τέρμα,
523 1503 553 1561 ’.θ
575 1500 623 1561 καὶ
644 1502 739 1580 σοφίας
760 1503 855 1573 θακεῐς
878 1501 970 1582 ἕδρας,

404 1605 451 1666 καὶ
472 1606 553 1682 τιμὰν
576 1607 697 1686 βροτέαις
720 1605 857 1681 ἐπέθηκας
881 1608 982 1685 ἔργοις,

404 1709 452 1770 καὶ
473 1712 504 1770 τὸ
526 1711 615 1770 καλὸν
636 1709 723 1772 πλέον
745 1713 764 1785 ἢ
786 1711 872 1770 κακον
896 1710 929 1770 ἐκ
950 1711 1038 1783 σέθεν,

405 1817 423 1874 ἀ
444 1835 474 1874 τε
496 1817 578 1895 χάρις
600 1814 705 1889 λάμπει
727 1813 789 1894 περὶ
811 1815 860 1873 τάν
882 1815 1003 1894 πτέρυγα
1024 1815 1157 1894 χρυσέαν·

403 1917 450 1978 καὶ
472 1921 503 1978 τό
525 1921 575 2001 τεᾷ
596 1919 745 1996 πλάστιγγι
769 1919 849 1978 δοθὲν
873 1919 1102 1998 μακαριστότατον
1124 1917 1241 1977 τελέθει.

403 2024 432 2082 τὺ
456 2023 480 2083 δ’
493 2023 650 2101 ἀμαχανίας
671 2026 754 2102 πόρον
779 2019 853 2094 εἶδες
876 2023 905 2082 ἐν
927 2023 1036 2101 ἄλγεσι,

404 2125 451 2187 καὶ
473 2128 602 2206 λαμπρόν
625 2130 693 2206 φάος
717 2129 821 2206 ἄγαγες
845 2127 873 2185 ἐν
897 2129 995 2206 σκότῳ,

403 2235 607 2314 προφερεστάτα
629 2235 708 2292 θεῶν,

1196 2315 1305 2366 (ιιιωιω.
1321 2315 1382 2356 νισι.
1399 2313 1444 2354 ωσι.
1459 2313 1476 2362 ι,
1490 2313 1535 2354 vn.
1551 2312 1588 2361 ια.)

404 2399 483 2477 Τύχη
507 2399 541 2458 τὰ
562 2401 667 2473 θνητῶν
689 2399 839 2478 πράγματ’,
863 2399 913 2458 οὒκ
935 2397 1072 2472 εὐβουλία.

1197 2481 1317 2532 (θίασσισιπ.
1333 2481 1393 2522 Stob.
1410 2479 1454 2521 Bel.
1470 2479 1486 2524 1.
1502 2477 1547 2524 vn,
1561 2477 1588 2525 ⁷.)

405 2557 476 2634 Φεῶ,
499 2561 552 2615 τῶν
575 2553 704 2634 βροτείων
727 2556 766 2625 ὡς
788 2551 933 2628 ἀνώμαλοι
954 2555 1047 2632 τύχαι·

403 2659 429 2719 οί
451 2659 501 2734 μὲν
523 2659 578 2740 γάρ
601 2656 631 2718 εὖ
652 2660 809 2739 πράσσουσι,
831 2661 887 2730 τοῖς
910 2657 941 2718 δὲ
964 2656 1096 2739 συμφοραὶ

402 2761 521 2842 σκληραί
543 2763 663 2842 πάρεισιν
686 2757 715 2820 εὖ
739 2763 846 2837 σέβουσι
867 2763 935 2842 προς
957 2763 1044 2834 θεοὺς.

1385 2845 1419 2894 (E.
1435 2844 1467 2886 i'r.
1481 2843 1542 2893 Styx.
1557 2839 1591 2889 11.)

403 2947 411 2962 .
437 2950 444 2963 .
470 2949 476 2961 .
502 2903 541 2972 ὡς
565 2901 666 2980 ἀθικον,
691 2903 754 2960 όταν
776 2903 794 2977 ἠ
818 2903 869 2976 μὲν
892 2902 966 2980 φύσις

403 3006 499 3086 ἀποδῷ
523 3028 546 3066 τι
569 3009 679 3086 σεμνόν,
701 3011 779 3066 τοῦτο
802 3006 856 3082 θη
879 3007 947 3084 τθχη
970 3008 1065 3068 κακόν.

1222 3089 1288 3139 (Men.
1304 3086 1522 3136 Meineke,v.·1V,p.
1539 3085 1588 3134 117.)

403 3165 453 3236 Ὧς
475 3163 600 3230 ποικιλον
623 3164 727 3244 πρᾶγμ’
740 3163 796 3222 ἐστι
818 3161 864 3222 καί
886 3163 991 3222 πλανθν
1014 3163 1093 3240 τθχη.

1212 3245 1279 3296 (Mon.
1295 3244 1402 3292 Meinokn.
1417 3256 1437 3284 v.
1452 3243 1484 3289 IV„
1497 3253 1516 3292 p.
1539 3237 1586 3283 151.)

505 3354 587 3408 vide:
606 3353 694 3405 Altus.-
710 3350 810 3412 Ἄλλος.
824 3381 856 3390 -
871 3352 972 3404 Labor:
991 3348 1092 3415 Καῦτθν,
1111 3349 1154 3401 Σοὶ
1168 3350 1199 3417 θ’,
1218 3349 1289 3402 Ὅσα.
1304 3379 1338 3390 -
1352 3353 1461 3404 Malum:
1471 3346 1544 3400 Ἄνευ.
1558 3376 1585 3384 -

403 3441 500 3492 Μάκαι
518 3438 547 3489 Τί
566 3435 637 3492 δ’ἀν,
658 3469 689 3479 -
717 3441 860 3492 Patientia:
879 3438 968 3506 Πειρῶ,
986 3433 1023 3488 T&
1040 3437 1123 3508 τθχης.
1149 3467 1181 3476 -
1208 3439 1367 3492 Prudentia:
1385 3435 1415 3487 Ὁ
1434 3437 1533 3504 πρῶτος,
1553 3431 1585 3484 Oi

400 3525 496 3586 παντός.
516 3555 549 3564 -
569 3527 696 3579 Stultitia:
713 3525 800 3578 Ἄνοια.
821 3556 853 3564 -
878 3527 974 3580 Virtus:
992 3524 1088 3594 Ἀρετῇ.

608 3727 695 3814 Spes
718 3727 771 3812 (cf.
795 3726 933 3812 Fiducia,
957 3726 1153 3812 Expectatio,
1176 3726 1387 3812 Desperatio).

402 3871 432 3928 ‘A
455 3871 509 3949 γάρ
531 3870 566 3945 δὴ
588 3869 802 3948 πολύπλαγκτος
826 3867 905 3942 ἐλπίς

401 3973 520 4045 πολλοῖς
542 3974 593 4048 μὲν
616 3974 705 4044 όνοισις
729 3974 843 4054 ἀνδρῶν,

400 4077 518 4148 πολλοῖς
540 4077 565 4135 δ’
579 4077 671 4137 ἀπάτα
692 4080 845 4158 κουφονόων
869 4079 987 4158 ἐρῶτων.

1307 4163 1339 4213 (S.
1355 4161 1473 4215 Antigone.
1486 4159 1581 4210 θῑόσφη.)

399 4231 531 4292 Ἄελπτον
554 4232 642 4314 οῦδὲν,
665 4237 752 4294 πάντα
775 4233 800 4291 δ’
814 4233 934 4305 ἐλπίζειν
955 4237 1056 4315 χρεῶν.

1345 4319 1379 4370 (Ε.
1394 4319 1430 4360 Fr.
1445 4317 1529 4370 τεηομ.
1542 4315 1579 4364 11.)

402 4387 438 4446 Αί
460 4389 485 4447 δ’
498 4387 612 4461 ἐλπίδες
635 4389 760 4462 βόσκουσι
782 4391 843 4463 τοὺς
864 4392 959 4463 κενάυς
982 4391 1095 4472 βροτῶν.

1101 4475 1168 4525 (lien.
1184 4475 1276 4516 nonant.
1291 4474 1398 4522 Μοίιιοίτσ.
1414 4487 1435 4516 v.
1450 4473 1484 4523 IV.
1498 4487 1518 4526 p.
1531 4471 1579 4519 θῶ.)

402 4543 438 4604 Αἱ
461 4543 485 4603 δ’
500 4544 613 4618 ἐλπίδες
635 4547 760 4622 βόσκουσι
783 4549 914 4630 φυγάδας,
937 4551 976 4620 ὡς
997 4547 1094 4626 λόγος·

401 4649 501 4722 καλοῖς
524 4648 663 4724 βλέπουσίῚ
676 4649 704 4730 γ’
717 4651 845 4733 όμμασιν,
869 4653 1002 4728 μέλλουσι
1025 4652 1065 4714 δέ.
1356 4738 1383 4788 (h
1406 4737 1439 4780 Ph
1499 4732 1577 4784 m)

1376 4739 1390 4779 ,ι
1440 4749 1486 4779 oen.
1565 4759 1569 4770 .
