3532 5500
689 524 841 588 -233
886 563 928 573 —

213 715 331 792 Μελέτη
353 717 519 797 χρονισθεῖιτ’
533 713 572 788 είς
594 717 666 796 φύσιν
689 715 853 780 καθίσταται.

212 879 314 957 *Μηδ’
328 882 467 961 εθπόχημα
490 881 577 958 μηδὲν
600 875 730 944 ὧδ’έοτω
753 884 837 963 μέγα,

212 983 417 1070 όο’έξεπαίρῃ
441 989 543 1066 μεῖζον,
566 990 584 1062 ἢ
607 987 710 1069 χρεὼν,
733 991 848 1068 φρονεῖν,

212 1090 280 1166 μηθ’
297 1091 329 1151 ἄν
351 1112 375 1151 τι
397 1091 488 1172 συμβῇ
512 1091 654 1172 δυσχερὲς,
679 1091 779 1152 δουλοῖ
800 1093 894 1176 πάλιν,

211 1194 282 1254 ἀλλ’
293 1195 373 1268 αὑτός
396 1194 439 1254 ἀεὶ
462 1196 554 1276 μίμνε,
577 1196 625 1272 τὴν
648 1199 744 1256 σαυτοῦ
766 1197 838 1276 φύσιν

212 1300 308 1370 σώζων
331 1297 461 1380 βεβαίως,
484 1301 556 1360 ὥστε
577 1301 677 1382 χρυσός
700 1301 730 1361 ἐν
751 1301 821 1382 πυρί.
1160 1387 1186 1438 (Β
1209 1387 1265 1429 ᾗ.
1308 1390 1329 1429 rt
1352 1391 1408 1440 1⁷0)

1188 1419 1193 1429 ι
1238 1399 1336 1430 ,ΙΜΘ-
1391 1418 1396 1431 ι

212 1465 326 1541 Μήποτ’
339 1467 498 1548 έπαινθοῃς,
520 1464 581 1546 πρὶν
603 1469 636 1525 ἂν
660 1464 736 1547 εἰδῇς
759 1466 845 1546 ἄνδρα
868 1473 993 1546 σαφηνῶς

318 1571 402 1652 όργὴν
425 1569 472 1631 οιαὶ
494 1571 593 1650 ρνθμόν
616 1568 663 1630 καὶ
684 1571 792 1652 τρόπον,
816 1573 890 1644 ὅστις
912 1575 944 1630 ἂν
967 1568 993 1654 ᾖ.

212 1673 320 1736 πολλοὶ
341 1675 406 1756 γὰρ,
430 1675 565 1751 κίβδηλον
588 1675 736 1736 ἐπίκλοπον
758 1672 824 1753 ἦθος
848 1676 970 1758 ἔχοντες,

318 1781 461 1860 κρότωνα
474 1779 613 1854 ἐνθέμενοι
635 1780 718 1855 θυμόν
742 1779 898 1859 ἐφημέρων.

212 1885 315 1944 τοθτων
338 1884 363 1943 δ’
378 1883 496 1964 ἐκφαίνει
518 1885 626 1956 πάντως
647 1886 747 1964 χρόνος
769 1880 837 1962 ἦθος
859 1885 982 1946 ἑκάστου.

880 1969 887 1980 ’
1167 1969 1292 2023 (Theognis.
1306 1973 1344 2014 96³
1353 1973 1409 2022 sqq.)

215 2048 297 2126 *Μὴ
319 2051 462 2131 χρώμασιν
485 2049 516 2108 τό
539 2053 620 2124 σῶμα
642 2048 810 2130 λαμπρύνειν
833 2051 910 2130 θέλε,

215 2157 308 2236 ἔργοις
331 2154 363 2216 δὲ
386 2157 517 2236 καθαροῖς
538 2153 585 2214 καὶ
607 2155 716 2234 τρόποις
736 2155 785 2230 τὴν
807 2155 930 2236 καρδίαν.

876 2257 1003 2310 (Antiphon.
1019 2258 1094 2300 ineert.
1109 2258 1215 2308 Meineke.
1230 2271 1249 2301 ν.
1265 2259 1305 2308 111,
1320 2271 1340 2310 p.
1355 2261 1410 2310 151.)

217 2363 402 2444 Οίκτρότατόν
426 2365 490 2443 ἐστι,
514 2368 611 2446 πεῖραν
635 2357 680 2425 ἐπί
700 2368 794 2446 γήρως
817 2365 873 2446 ὁδῷ
1237 2350 1240 2358 ¹

214 2471 312 2530 ἀδίκου
334 2470 420 2548 τύχης
443 2470 547 2542 δίκαιος
569 2469 690 2551 εἰληφὼς
711 2472 818 2550 τρόπος.

938 2555 1005 2606 (Men.
1020 2555 1096 2596 insert.
1111 2555 1217 2604 Mainake,
1232 2567 1253 2598 v.
1268 2553 1304 2603 IV.
1319 2565 1340 2605 p.
1355 2556 1411 2604 161.)

216 2651 304 2728 Οῖμοι
326 2651 425 2730 τάλας,
449 2654 488 2722 ὡς
511 2654 615 2733 όίδινιαν,
638 2654 704 2712 όταν
726 2654 744 2729 ἡ
768 2653 817 2728 μὲν
840 2654 914 2733 φόοις

214 2755 288 2839 λίπῃ
310 2757 380 2829 τινός
402 2757 451 2832 τὴν
473 2753 558 2830 τοίξιν,
583 2758 598 2816 ό
620 2755 651 2817 δὲ
673 2758 771 2837 τρόπος
794 2759 873 2839 μένῃ.

971 2840 1099 2892 (Λαιίμῖιαα.
1115 2840 1221 2890 Mainake,
1236 2853 1256 2882 v.
1272 2841 1310 2889 111,
1322 2853 1342 2892 p.
1358 2841 1413 2892 154.)

215 2940 336 3001 *Οὺθέν
359 2961 394 3017 με
410 2942 492 3002 λυπεῖ
515 2941 635 3021 μᾶλλον,
659 2942 812 3021 ἠχρηοτός
835 2942 944 3021 τρόπος,

218 3045 260 3120 εἰς
281 3047 408 3125 χαλεπόν
430 3047 494 3105 όταν
517 3043 536 3128 ᾔ
559 3033 808 3124 ουγνιειιλειομένος
831 3046 898 3121 βίον.

938 3129 1007 3180 (Men.
1024 3127 1100 3172 inem.
1116 3129 1222 3176 Μοίαεῖιο.
1237 3141 1257 3170 ν.
1272 3128 1308 3178 lv,
1323 3141 1343 3179 p.
1358 3129 1415 3180 268.)

216 3229 287 3290 *Σίν
310 3229 360 3305 μέν
383 3231 523 3309 παραινεῖς
545 3231 638 3308 ταῦτα,
662 3231 729 3288 όσσα
751 3249 792 3289 σοι
813 3230 920 3309 πρέπει,

217 3334 272 3410 ἐμὲ
296 3335 327 3394 δὲ
349 3335 435 3394 ποιεῖν
457 3335 487 3393 τό
510 3335 630 3409 καθῆκον
654 3335 705 3411 οὐχ
727 3334 742 3391 ό
765 3335 811 3405 τός
833 3333 931 3412 λόγος,

217 3439 251 3500 εὖ
273 3439 324 3499 ἴσθ’
339 3435 469 3520 ἀκριβῶς,
493 3441 507 3498 ό
531 3437 636 3510 δ’ῖδιος
657 3439 744 3498 πείθει
766 3439 873 3519 τρόπος.

944 3522 1009 3574 (Men.
1025 3521 1101 3564 incert.
1117 3521 1222 3570 Meineko.
1237 3534 1257 3562 v.
1272 3521 1308 3570 lv,
1323 3533 1343 3572 μ
1358 3521 1414 3572 248.)

216 3599 262 3657 To
283 3594 350 3675 ἦθος
374 3597 436 3668 ἔθος
459 3594 515 3656 ἐστὶ
536 3597 725 3676 πολυχρόνιον.

1197 3677 1315 3728 (Plutarch.
1331 3677 1416 3726 Monl.)

217 3765 262 3822 To
285 3763 338 3844 γὰρ
361 3763 474 3840 οννῆθες
500 3762 619 3838 οὐδαμοῖ
641 3763 805 3843 παροπτέον.

1048 3845 1113 3896 (Men.
1129 3843 1235 3894 Mainake,
1250 3855 1270 3882 v.
1285 3844 1320 3892 Ν,
1336 3855 1356 3894 p.
1372 3841 1417 3891 85.)

219 3975 228 3991 .
255 3973 264 3990 .
289 3974 297 3990 .
317 3927 378 4008 τρία
400 3930 455 4009 γάρ
479 3927 536 3987 ἐστι

219 4035 258 4095 δι’
271 4027 310 4093 ὧν
334 4035 440 4093 ἅπαντα
461 4032 587 4112 γίγνετ’·
612 4035 630 4107 ἢ
652 4032 724 4092 κατὰ
747 4033 808 4104 τοὺς
829 4034 938 4111 νόμους,

218 4143 239 4216 ἡ
262 4141 322 4208 ταῖς
346 4138 490 4218 ἀνοίγνιαις,
513 4141 532 4212 ἡ
554 4139 584 4197 τό
606 4135 693 4218 τρίτον
710 4137 773 4196 -έθει
795 4135 854 4198 τινί.

943 4219 1012 4272 (Men.
1027 4219 1102 4260 incon.
1117 4217 1223 4267 Mainake.
1238 4231 1258 4259 v.
1275 4218 1310 4268 lv,
1325 4229 1345 4269 p.
1361 4217 1417 4268 111.)

218 4305 238 4344 *
252 4305 360 4386 Τρόπος
383 4303 488 4378 δίκαιος
510 4309 603 4381 κτῆμα
624 4307 794 4379 τιμιώτατον.

972 4411 1099 4463 (Δηίίφῖιοιι.
1114 4409 1220 4460 Μεῖαεὶε,
1235 4421 1255 4450 ν.
1271 4409 1310 4458 111,
1324 4421 1345 4461 p.
1361 4409 1417 4460 150.)

219 4497 238 4535 *
252 4499 360 4580 Τρόπος
383 4494 440 4556 ἐστὶ
460 4497 580 4576 χρηστός
604 4493 805 4574 ἀσφαλέστερος
828 4495 920 4570 νόμον.

218 4605 266 4663 τόν
290 4600 418 4681 μὲνγὰρ
442 4599 530 4673 οὐδεὶς
553 4603 585 4660 ἂν
609 4600 767 4682 διαπρέψαι
788 4598 855 4659 ποτὲ

219 4709 312 4790 ῥήτωρ
336 4705 453 4785 δύναιτο,
476 4707 521 4766 τόν
545 4705 638 4766 δὀῖνιο
660 4727 690 4765 τε
713 4702 760 4764 καί
782 4706 857 4763 τιοίτω
