3476 5490
670 535 926 619 -83-'

186 745 311 806 Πλοῦτον
334 745 510 826 μεταλήψεθ
524 747 626 827 ἕτερον,
649 745 709 826 σὐχί
732 745 781 807 τόν
799 751 906 828 τρόπον.

873 831 973 883 (Philem.
990 831 1234 882 ἰασοτί.11εἰιιοσ1το,τ.
1250 833 1285 884 Π,
1300 846 1320 884 μ
1336 837 1380 884 64.)

188 902 313 976 Πλοῦτος
337 902 484 983 ἀλόγιστος
505 903 672 984 προσλαβὼν
696 902 818 978 ἐξουσίαν

182 1005 230 1065 καί
251 1007 315 1080 πούς
336 1013 443 1089 φρονεῖν
466 1007 613 1081 δοκοῦντας
636 1008 767 1084 ἀνοήτους
787 1013 868 1070 ποιεί.

893 1093 959 1142 (Men.
976 1093 1052 1134 ἰυτοτπ.
1067 1092 1186 1142 Ποίυοσὶε,
1202 1106 1221 1136 τ.
1237 1095 1272 1142 IV.
1287 1107 1308 1147 ρ.
1324 1098 1380 1147 298.)

184 1163 309 1236 Πλοῦτος
331 1163 362 1224 δὲ
386 1164 504 1240 βάσανός
527 1163 598 1225 ἐστιν
621 1165 768 1246 ἀνθρώπων
791 1167 906 1246 τρόπων.

1028 1249 1179 1300 (Antiphanes.
1194 1251 1253 1292 Βίου.
1268 1252 1320 1300 xc1,
1336 1254 1381 1303 11.)

183 1321 309 1393 Πλοῦτος
331 1320 356 1380 δ’
369 1321 488 1392 ἔπακτος
511 1319 543 1380 ἐκ
564 1318 725 1397 γυναικείων
747 1323 844 1400 γάμων

181 1424 307 1502 ἀνόητος.

185 1582 312 1655 Πλοῦτος
335 1581 367 1642 δὲ
389 1583 505 1643 πολλῶν
529 1582 699 1658 ἐπικαλυμμ“
712 1581 783 1642 ἐστίν
805 1589 909 1643 κακῶν.

999 1667 1066 1718 (Mon.
1082 1667 1199 1710 ueinecke.
1215 1681 1234 1708 ν.
1250 1669 1285 1713 lv,
1300 1681 1321 1719 μ.
1338 1671 1383 1720 94.)

183 1740 311 1813 Πλοῦτος
333 1739 365 1800 δὲ
387 1743 455 1821 πρδς
478 1741 528 1816 μὲν
550 1741 600 1812 τὰς
622 1741 692 1813 ὅλας
714 1740 795 1817 τιμόις
818 1738 865 1800 ἰῶν

185 1846 235 1904 οῦκ
261 1846 344 1923 ἔσχεν
366 1844 461 1925 δγκον,
484 1848 554 1905 ῶοτε
576 1843 624 1905 καί
646 1841 730 1918 δόξης
752 1847 853 1922 τυχεῖν,

183 1948 254 2008 ἀλλ’
268 1948 323 2008 ἔστι
346 1948 446 2025 σεμνός
468 1947 498 2007 ἐν
522 1949 554 2009 δὲ
578 1949 652 2009 δόσει
675 1949 778 2029 βροτῶν

185 2052 257 2126 ἡδύς
281 2054 413 2113 συνοικεῖν
435 2051 483 2112 καί
504 2054 552 2112 τιν’
565 2051 690 2132 εἰληχὼς
712 2055 801 2132 χάριν.

1052 1511 1086 1562 (Ε.
1101 1509 1135 1551 Fr.
1151 1511 1202 1552 Mel.
1218 1511 1288 1552 Vinct.
1304 1513 1380 1564 xvn.)

1066 2137 1184 2187 (emerem.
1195 2137 1254 2178 νισι.
1270 2137 1322 2183 κον,
1338 2141 1381 2188 ιι.)

188 2217 315 2290 Πλοῦτος
337 2219 415 2296 δ’,δν
438 2219 490 2294 μὲν
513 2217 579 2278 δῶσι
602 2216 668 2299 θεοί,
693 2218 888 2298 παραγίγνεται
912 2216 989 2296 ἀνδρὶ

295 2323 425 2402 ἔμπεδος,
450 2323 483 2382 ἐκ
504 2325 600 2382 νεοίτου
621 2324 758 2398 πυθμένος
781 2323 811 2391 ές
833 2325 960 2401 κορυρην.

1183 2407 1266 2458 (Solon,
1281 2407 1305 2456 V,
1320 2409 1385 2458 8ος.)

187 2525 195 2542 .
224 2530 231 2543 .
257 2525 266 2541 .
289 2480 408 2551 πλοθίθς
431 2477 509 2556 ἕίόῑξῑ
532 2481 622 2561 γένος·
1187 2563 1304 2616 (Theognis
1328 2565 1386 2614 ¹⁹0)

188 2646 315 2718 Πλοῦτος
336 2645 438 2718 κακίας
461 2645 572 2723 μᾶλλον
594 2649 612 2721 ἢ
635 2643 847 2723 καλοκάγαθίας
870 2647 1004 2724 ὑπηρέτης
1029 2643 1108 2707 ἐστίν.

1155 2728 1229 2778 (Isocr.
1245 2729 1271 2770 κθ
1286 2730 1386 2780 Damon.)

190 2801 317 2874 Πλοῦτος
339 2803 354 2860 ό
377 2808 427 2879 τῆς
448 2808 540 2881 ψυχῆς
561 2803 679 2873 πλοῦτος
702 2804 787 2878 μόνος
810 2799 880 2861 ἐστίν
903 2802 1021 2882 ἀληθὴς,

294 2902 389 2966 τᾶλλα
412 2906 437 2966 δ’
451 2907 511 2985 ἔχει
533 2907 622 2981 λύπην
644 2906 761 2966 πλείονα
783 2911 836 2964 τῶν
860 2905 982 2984 ἀγαθῶν.

1034 2988 1132 3039 (ίνιιοίυτι.
1149 2990 1205 3030 Sam.
1221 2989 1286 3030 Anth.
1303 2989 1327 3030 Χ.
1342 2993 1386 3040 41.)

191 3089 373 3149 ΠΛΟΥΤΟΣ
402 3089 564 3168 ριλούμενον
586 3089 714 3168 ἀτύχημα
870 3087 1049 3166 περιπὲδητον
1072 3088 1276 3170 ταλαιπῶρημα

397 3195 568 3274 καθημερινη
591 3195 697 3270 μελέτη
872 3194 1078 3268 εύμετοίπτωτον
1100 3199 1215 3275 πρᾶγμα

397 3301 613 3378 περιερχόμενοι
635 3299 776 3376 εύτύχημα
872 3302 972 3375 χρυσοῦ
994 3297 1101 3378 φορτίον

398 3401 481 3482 φόβος
505 3403 684 3478 έλπιζόμενος
874 3401 994 3482 χορηγία
1015 3401 1147 3482 πονηρίας

397 3507 504 3582 ἡδονῶν
527 3507 663 3586 ὑπηρέτης
872 3508 1006 3586 θησαυρός
1028 3517 1123 3566 κοινοῦν

628 3611 735 3690 έρόδιον
758 3611 949 3690 ἀτυχημάτων.

191 3769 317 3829 Πλούτου
339 3767 365 3828 δ’
378 3768 457 3829 οῦδὲν
480 3771 567 3848 τέρμα
589 3771 764 3847 περατμένον
787 3767 899 3848 ἀνδράσι
921 3769 1021 3826 κεῖται·

295 3873 322 3932 σί
343 3871 397 3953 γὰρ
421 3877 466 3932 νῦν
487 3874 582 3949 ἡμέων
604 3873 732 3932 πλεῖστον
756 3873 846 3950 ἔχουσι
870 3869 939 3950 βίον,

190 3977 334 4038 διπλάσιον
358 3977 521 4036 σπεύδουσιν.

1150 4061 1233 4112 (Solon,
1249 4057 1283 4110 w,
1299 4061 1322 4101 71
1331 4063 1388 4112 sqq.)

192 4133 309 4212 Πλούτῳ
333 4133 357 4192 θ’
372 4133 455 4213 ἀρετὴ
477 4131 524 4191 καί
546 4131 628 4204 κῦδος
650 4131 757 4208 δττηδεῖ.

1200 4217 1260 4267 (nes.
1276 4219 1314 4268 Op.
1331 4219 1387 4266 311.)

192 4289 301 4352 Πολλοί
325 4284 453 4369 μὲνγὰρ
476 4290 622 4360 ζάπλουτοι
645 4289 794 4370 ἀνθρώπων
816 4289 942 4364 ἀνόλβιοί
965 4289 1039 4350 εἰσιν.

1186 4375 1297 4442 (Herodot.
1313 4375 1329 4420 1,
1345 4377 1388 4425 ³2.)

190 4452 390 4515 *-*Πολλοί
413 4455 465 4530 μὲν
487 4454 541 4536 γὰρ
564 4460 617 4514 τῶν
640 4453 789 4536 ἀνθρώπων
811 4455 889 4527 ὄντες
909 4455 1053 4516 πλουτοῦσι
1075 4453 1187 4534 πονηροί

192 4555 296 4632 ἀδίκως
319 4559 387 4620 οσάτά
409 4555 628 4635 ξυλλεξάμενοι·
651 4559 754 4620 πολλοὶ
777 4560 801 4619 δ’
814 4560 890 4632 όντες
911 4561 981 4620 πάνυ
1003 4559 1116 4640 χρηστοί

193 4667 337 4746 πράττουσι
360 4669 454 4736 κακῶς
476 4662 523 4723 καὶ
545 4669 680 4746 πεινῶσιν,
704 4665 775 4741 μετὰ
796 4669 844 4726 σού
865 4687 895 4725 τε
917 4665 1089 4725 τὰπλεῖστα
1112 4666 1233 4727 σύνεισιν.

1151 4766 1197 4818 (Ar.
1213 4766 1270 4807 Plut.
1285 4767 1388 4816 502sqq.)

1200 4838 1233 4888 6ο
