3532 5500
660 547 894 612 -217-

182 741 258 821 Ἐγὼ
281 741 305 800 δ’
318 741 395 802 οὐδὲν
417 744 598 824 πρεσβύτερον

139 871 143 878 ·
181 846 283 922 νομίζω
305 851 355 919 τοῖς
378 849 559 928 σωφροσύνας,

182 949 241 1011 ἐπεὶ
263 953 321 1024 τοῖς
343 952 458 1030 ἀγαθοῖς
480 951 524 1012 ἀεὶ
546 955 674 1014 σύνεστιν.

1139 1037 1172 1088 (Ε.
1188 1036 1222 1078 Fr.
1238 1035 1315 1078 ίοοστί,
1330 1038 1373 1088 11.)

180 1133 261 1193 Μαλ’
274 1133 372 1212 εὐγενῆ
395 1154 425 1192 τε
447 1132 495 1193 καί
516 1136 562 1194 τ“σν
586 1133 716 1214 αἰσχύνης
737 1137 832 1216 θρόνον

178 1241 309 1316 τιμῶντα,
332 1235 378 1296 καὶ
401 1240 538 1319 στυγοῦνθ’
550 1238 718 1320 ὑπέρφρονας
729 1241 853 1318 λόγους.

183 1339 305 1422 αἰσχρῶν
327 1343 382 1424 γὰρ
404 1345 500 1424 ἀργὸς,
523 1345 562 1420 μὴ
585 1346 672 1418 κακος
694 1345 719 1404 δ’
732 1340 801 1404 εἶναι
823 1345 905 1424 ριλεῖ.

976 1431 1010 1480 (Δ.
1027 1431 1085 1481 Sept.
1101 1431 1173 1472 contr.
1189 1429 1255 1470 Theb.
1269 1429 1374 1479 409sqq.)

179 1552 297 1632 Στέργοι
319 1553 351 1612 δέ
373 1575 409 1629 με
432 1554 596 1634 σωφρθώναι
620 1553 736 1634 δώρημα
758 1553 908 1615 κάλλιστον
930 1556 1009 1617 θεῶν’
1174 1639 1200 1690 (μ’
1223 1637 1297 1680 Μυσίου
1319 1639 1376 1688 685)

180 1745 221 1803 T&
244 1749 350 1825 σῶρρσν
373 1742 455 1818 δόξαν
480 1743 581 1820 ἐσθλὴν
604 1747 633 1805 ἐν
656 1745 763 1827 βροτοῖς
785 1747 950 1826 καρπίζεται.

1164 1830 1253 1880 (Incerti
1263 1829 1375 1880 οοσίυιίε.)

178 1927 253 2006 Φεῡ,
276 1931 334 2006 ρεῖι,
357 1929 388 1986 τδ
410 1933 525 2008 σῶφρον,
549 1929 588 2000 ὡς
611 1928 756 2010 ἁπανταχῇ
778 1929 866 1988 καλδν

177 2029 227 2090 καὶ
250 2027 333 2104 δόξαν
357 2033 458 2107 ἐσθλὴν
482 2033 510 2092 ἐν
534 2033 640 2112 βροτοῖς
663 2030 811 2108 κομίζεται.

1135 2118 1168 2168 (Ε.
1184 2117 1270 2168 Hippoi.
1284 2119 1322 2158 4³1
1333 2117 1375 2166 sq.)

178 2343 310 2411 Modus
333 2345 385 2426 (ef.
409 2344 596 2427 FrugalitaII,
620 2343 826 2426 Sufficientia,
850 2345 1012 2430 Modestia,
1035 2345 1172 2431 Cautio),
1196 2345 1376 2429 Moderatio,

379 2465 589 2567 Μυᾶίυυτίίαε,
613 2466 745 2554 *Supra
767 2468 904 2552 Modum,
929 2467 1180 2553 SupervacuiIaS.

181 2623 263 2669 *-*
276 2626 357 2686 Ἀλλ’
371 2627 463 2705 ἔγωγε
485 2631 532 2686 τοῦ
553 2625 587 2687 τὰ
610 2628 697 2688 δέοντ’
710 2629 784 2706 ἔχειν

177 2731 213 2789 τὰ
236 2731 348 2812 περιττὰ
370 2736 457 2806 μισῶ·
481 2733 537 2804 τοῖς
559 2731 761 2812 ὑπερβάλλουσι
783 2734 837 2814 γὰρ

181 2837 278 2915 τέρψις
300 2836 352 2910 μὲν
375 2836 425 2895 σὐκ
447 2837 542 2916 ἔνεστι,
565 2837 732 2898 πολυτέλεια
756 2837 796 2898 δέ.
1119 2889 1125 2900 .

973 2924 1062 2972 (Alexis.
1078 2924 1183 2972 Meinoke,
1198 2937 1217 2964 v.
1233 2925 1271 2968 ΠΙ,
1287 2937 1306 2974 p.
1320 2926 1377 2974 500.)

178 3046 261 3125 Ἀνὴρ
285 3046 366 3124 σορὸς
388 3045 475 3124 ρειδοῖ
497 3044 545 3106 καὶ
567 3045 674 3128 δαπάνῃ
698 3049 796 3128 μέτρον
821 3049 1001 3128 ἐρηρμέσατσ.
1277 3135 1293 3174 L
1369 3135 1376 3182 )

1267 3137 1274 3184 (
1295 3134 1367 3175 ιιοίοιι.

191 3223 308 3300 Αριστον
330 3241 439 3300 μετρσν.
1137 3308 1243 3358 (Cleobul.
1258 3319 1292 3358 ψ.
1307 3307 1376 3356 Stob.)

179 3410 303 3492 *Ἀρκεῖ
324 3413 421 3493 μετρία
445 3413 522 3489 βιοτά
546 3434 592 3488 μοι
614 3417 750 3496 σῶρρσνσς
773 3418 919 3496 τραπέζης,

180 3518 211 3574 eb
236 3517 261 3575 δ’
275 3516 397 3598 ἀκαίριον
420 3519 491 3577 ἅπαν
514 3517 572 3577 τόδ’
584 3519 760 3599 ὑπερβάλλον
783 3541 812 3579 τε
836 3522 874 3596 μὴ
898 3521 1055 3600 προσείμαν.

1129 3604 1161 3654 (Ε,
1179 3603 1211 3643 Fr.
1229 3603 1304 3644 iucert.
1322 3605 1377 3654 111.)

183 3681 267 3761 Ἀρχὴ
292 3679 407 3761 μεγίστη
430 3681 483 3741 τῶν
508 3683 537 3741 ἐν
560 3683 710 3765 ἀνθρώποις
732 3691 826 3745 κακῶν

184 3786 288 3866 ἀγαθὰ,
311 3787 346 3846 τὰ
368 3787 431 3848 λίαν
454 3787 555 3867 ἀγαθά.

903 3875 971 3926 (Men.
987 3875 1063 3916 ίιισυιί.
1078 3851 1184 3922 Μοίοαῖτε,
1200 3885 1219 3914 ν.
1234 3873 1270 3922 lv.
1285 3885 1306 3924 p.
1321 3875 1378 3924 275.)

182 3996 297 4076 Βρστοῖς
319 3996 353 4054 τὰ
377 3998 462 4072 μείζω
484 4003 537 4058 τῶν
561 4000 651 4074 μέσων
673 3999 755 4059 τίκτει
779 4002 882 4072 νόσους.

1070 4102 1103 4153 (II.
1119 4102 1154 4142 δί.
1169 4101 1295 4155 Alcmaeon,
1310 4101 1377 4154 XIII.)

181 4179 306 4259 Δέδστχ’,
331 4183 404 4252 ὅπως
427 4203 473 4258 μοι
497 4182 535 4259 μὴ
558 4181 622 4242 λίαν
644 4189 714 4264 ρανῇ
736 4187 813 4263 σσρή.

1167 4285 1200 4334 (II.
1218 4284 1305 4336 Ηίρρυί.
1320 4287 1377 4336 518.)

186 4413 192 4426 .
219 4410 225 4422 .
252 4412 259 4424 .
283 4363 327 4424 δεῖ

181 4469 290 4548 φεύγειν
314 4469 440 4529 σίποίντων
461 4470 511 4543 τὰς
534 4470 690 4552 ὑπερβολὰς
713 4471 765 4534 αἰεί.

1024 4555 1173 4606 (Mnesitheus,
1188 4555 1267 4597 Athen.
1281 4555 1306 4604 Χ,
1321 4557 1375 4607 419.)

183 4633 234 4709 mn
258 4634 290 4693 δέ
314 4653 360 4710 μοι
383 4633 478 4716 μετρία
501 4636 551 4710 μὲν

182 4739 274 4820 χάρις,
297 4740 377 4800 πόθοι
399 4740 424 4798 δ’
436 4741 519 4802 ὅσιαι·
