3476 5490
676 531 889 595 „35-

184 720 217 777 Τί
242 723 295 800 γάρ
319 742 355 796 με
376 723 494 796 πλοῦτος
517 725 620 803 ὠφελεῖ
642 729 769 786 νοσοῦντά
792 747 843 806 γε,

185 825 276 905 σμίκρ’
290 828 323 885 ἂν
346 827 456 902 θέλοιμι
478 825 525 888 καὶ
547 829 610 888 καθ’
622 829 728 908 ἡμέραν
751 829 826 908 έχων

184 930 289 989 οίλυπον
313 929 397 991 οἰκεῖν
420 931 520 1012 βίοτον,
543 935 562 1008 ή
583 933 709 993 πλουτῶν
730 936 829 996 νοσεῖν.

1074 1021 1107 1068 ιν.
1123 1021 1157 1061 τι.
1171 1021 1259 1072 Teleph.
1274 1021 1378 1074 xxvm.)

192 1141 199 1156 .
225 1141 233 1156 .
258 1143 264 1156 .
289 1097 313 1156 τί
336 1097 367 1158 δὲ
389 1097 489 1176 κέρδος
511 1099 526 1158 ὁ
549 1099 642 1178 μυρίος
665 1097 753 1160 ἔνδοθι
774 1101 873 1180 χρυσδς

182 1198 328 1282 κείμενος,
353 1201 412 1280 σῦχ’
426 1196 476 1263 ἆδε
498 1203 616 1265 πλούτου
638 1207 788 1284 φρονέουσιν
810 1204 920 1278 ὄνασις.

1033 1289 1149 1340 (Τὶισοστῖτ,
1164 1289 1211 1331 IIVI
1226 1289 1286 1341 {va
1301 1293 1377 1344 usq.)

182 1365 233 1438 Τίς
257 1367 402 1448 οῖπθρωπσς
424 1368 571 1452 πλούσιος
594 1371 610 1429 ὁ
633 1371 778 1451 αθταρκής.
1244 1456 1287 1508 σω
1301 1458 1376 1508 m)

1288 1469 1300 1498 0
1360 1489 1365 1499 .

180 1533 249 1604 Τοῖς
272 1531 416 1596 πλουτοῦσι
438 1539 515 1596 τοῦτο
539 1535 564 1595 δ’
575 1536 700 1617 ἔμφυτον,

180 1641 315 1700 σκαιοῖσιν
339 1634 418 1700 εῖναι.

1089 1727 1121 1776 (ν.
1136 1727 1171 1768 σι.
1187 1727 1305 1778 Phaethon,
1320 1728 1377 1780 κω.)

182 1851 189 1866 .
216 1854 223 1867 .
250 1855 256 1866 .
281 1809 463 1882 τοῦτομόνον
487 1808 624 1868 ἐπισκοτεῖ

179 1909 227 1969 καί
251 1911 394 1994 δυσγενείᾳ
416 1911 463 1973 καί
485 1915 584 1992 τρόπον
605 1911 721 1996 πονηρίᾳ

179 2012 227 2074 καί
249 2022 338 2096 πᾶσιν,
362 2009 403 2087 οἷς
427 2019 546 2095 ἔσχηκεν
570 2019 709 2098 ἅνθρωπος
732 2020 838 2098 κακοῖς,

179 2122 210 2180 τδ
233 2120 330 2180 πολλὰ
351 2123 515 2197 κεκτῆσθαι·
538 2121 573 2180 τὰ
595 2121 620 2180 δ’
634 2121 700 2182 ἀλλ’
715 2121 873 2200 ἐλέγχεται.

984 2207 1050 2258 (Men.
1065 2207 1184 2255 Meinecke,
1198 2220 1219 2248 v.
1234 2207 1306 2259 1v,p.
1321 2211 1375 2261 214.)

180 2277 290 2357 Τυφλδς
314 2279 329 2336 δ
350 2278 470 2349 πλοῦτος
493 2273 562 2338 είναί
585 2299 631 2354 μοι
655 2278 741 2339 δοκεῖ.

955 2363 1041 2415 (Amph.
1057 2364 1175 2412 Meinecko.
1192 2377 1211 2406 ν.
1227 2365 1266 2410 111.
1282 2378 1302 2417 p.
1318 2367 1375 2417 ³10.)

180 2445 246 2504 Τῶν
269 2444 324 2526 γὰρ
346 2445 458 2525 ἀγαθῶν
481 2445 526 2504 τδν
547 2445 667 2505 πλοῖκτον
689 2445 801 2506 θστατον
824 2445 902 2506 τίθει·

180 2548 376 2625 ἀβεβαιθτατον
398 2546 452 2630 γοίρ
476 2549 558 2632 ἐστιν,
582 2545 619 2610 ὧν
642 2551 810 2626 κεκτήμεθα.

975 2635 1044 2686 (Alex.
1060 2634 1178 2684 neimo.
1192 2646 1212 2676 κ.
1227 2635 1266 2685 ΠΙ,
1281 2647 1301 2686 p.
1316 2636 1373 2686 520.)

179 2712 275 2797 Ὕβριν
297 2736 328 2776 τε
350 2716 433 2777 τίκτει
454 2717 582 2798 πλοῦτος,
606 2720 625 2792 ἢ
647 2715 731 2797 φειδὼ
754 2715 822 2790 βίον.

1128 2801 1162 2852 (κ.
1176 2800 1211 2844 σε.
1226 2799 1312 2852 Hippol.
1327 2801 1372 2852 lx.)

179 2874 348 2956 Ὑπόπτερος
370 2874 385 2932 δ
407 2874 541 2946 πλοῦτος·
566 2866 606 2946 οῖς
627 2873 682 2955 γὰρ
704 2869 738 2951 ἦν
759 2893 836 2954 ποτε,

178 2975 210 3051 ἐξ
234 2977 354 3038 ἐλπίδων
376 2975 523 3051 πίπτοντας
544 2977 652 3050 ὑπτίους
674 2979 739 3059 δρῶ.

1122 3063 1155 3112 (Ε.
1171 3063 1205 3104 Fr.
1222 3063 1268 3111 Ino.
1283 3062 1370 3113 XXIII.)

178 3137 340 3217 Χρήμαθόῖ
362 3135 413 3211 μὲν
436 3136 531 3196 Διόθεν
553 3134 669 3226 καίισδν
692 3135 755 3218 δίκῃ
779 3135 854 3216 ἀνδρὶ
877 3139 999 3218 γένηται,

282 3239 329 3302 καὶ
351 3243 489 3320 καθαρῶς,
514 3239 566 3300 αἰεὶ
589 3245 759 3320 παρμθνιμον
781 3242 903 3301 τελέθει·

177 3345 200 3406 εί
224 3347 249 3406 δ’
262 3345 364 3419 ἀδίκως
386 3345 460 3427 παρὰ
482 3347 577 3428 καιρδν
599 3346 667 3425 ἀνὴρ
689 3346 845 3426 φτλοκερδέι
869 3344 946 3423 θυμῷ

280 3453 420 3529 κτήσεται,
445 3449 495 3510 εἴθ’
508 3451 582 3530 ὅρκῳ
604 3450 658 3531 πὰρ
680 3452 710 3510 τδ
734 3449 837 3510 δίκαιον
861 3448 944 3528 ἑλών,

177 3557 274 3616 αἱιτίκα
296 3558 347 3631 μέν
370 3576 394 3615 τι
416 3555 506 3635 φέρειν
528 3554 626 3634 κέρδος
650 3554 735 3634 δοκεῖ,
760 3555 789 3625 ές
812 3554 843 3614 δὲ
864 3553 996 3628 τελευτὴν

281 3658 357 3733 αὖθις
380 3661 475 3739 ἔγεντο
497 3660 594 3741 ww,
617 3661 688 3720 θεῶν
710 3655 881 3739 &ww
903 3661 975 3730 νόθῳ
1142 3739 1258 3792 (Theognis
1282 3739 1369 3791 ιοτεο)

177 3866 184 3879 .
210 3867 216 3879 .
242 3869 248 3880 .
273 3820 411 3898 χρήμασιν
435 3818 489 3898 γὰρ
513 3817 629 3898 εθτυχῶ,

175 3926 234 3996 ταῖς
256 3926 413 4004 συμφοραῖσι
437 3923 473 3999 δ’,
498 3925 536 3994 ὡς
559 3923 634 4005 ὁρᾷς,
658 3923 706 3982 οὒκ
728 3920 843 3999 είιτυχῶ.

1091 4003 1123 4053 (Ε.
1139 4003 1173 4044 Fr.
1188 4001 1289 4044 Androm.
1304 4001 1369 4052 m)

178 4092 315 4170 Χρήματα
337 4090 392 4170 γὰρ
414 4089 489 4168 ψυχὴ
510 4087 625 4149 πέλεται
649 4087 762 4148 δειλοῖσι
785 4088 924 4168 βροτοῖσιν.

1180 4167 1240 4220 (Hes.
1257 4167 1295 4218 op.
1310 4167 1368 4218 ⁰84.)
1458 4205 1463 4218 ,

176 4249 313 4330 Χρήματα
336 4246 362 4307 δ’
375 4246 479 4306 ἀλλατε
502 4245 553 4320 μὲν
575 4246 689 4305 κτᾶσθαι
712 4244 795 4324 φιλεῖ,
818 4240 916 4303 ἀλλοτ’
929 4243 1051 4303 ὀλέσθαι.

1094 4325 1165 4378 (Pyth.
1181 4325 1241 4368 θοαί.
1256 4325 1308 4367 Aur.
1326 4325 1368 4374 16.)

174 4415 311 4495 Χρήματα
334 4411 358 4472 δ’
372 4406 468 4493 ίμείρω
493 4409 544 4487 μὲν
567 4411 654 4492 ἔχειν,
678 4409 781 4482 ἀδίκως
803 4430 832 4469 τε
854 4410 989 4468 πεπεῖσθαι

174 4519 223 4580 οὐκ
245 4518 338 4578 ἐθέλω
359 4519 478 4588 πάντως.
1167 4594 1241 4646 (solon
1264 4593 1282 4634 v
1305 4592 1367 4644 τεν)

172 4677 310 4757 Χρήματα
334 4675 360 4736 δ’
373 4675 423 4752 οίιχ
447 4671 584 4754 ἁρπακτδι,
607 4672 739 4733 θεόσδοτα
760 4669 867 4731 πολλδν
891 4669 1003 4744 ἀμείνω.
1182 4750 1235 4802 (nes
1257 4749 1287 4799 Op
1310 4747 1366 4798 ³18)
