3532 5500
704 553 744 564 -
790 513 939 580 265-

228 709 277 769 Ἐν
301 708 340 789 τῷ
362 711 490 769 πένεσθαι
514 710 538 770 δ’
552 708 623 769 ἐστὶν
645 712 662 784 ἥ
685 711 709 768 τ’
721 707 828 788 ἀδοξία,

231 817 284 874 κᾶν
306 809 325 896 ᾖ
348 818 430 894 σορός
451 835 501 893 τις,
524 816 542 890 ἥ
565 817 589 874 τ’
604 813 697 890 ἀτιμία
720 812 789 888 βίου.

1072 898 1105 948 (E.
1121 898 1155 939 Fr.
1170 897 1271 939 Erechth.
1286 897 1329 946 XX,
1346 898 1370 938 16
1380 898 1422 948 τη.)

230 1037 238 1049 .
264 1035 271 1049 .
297 1038 303 1050 .
328 991 409 1070 ἔργον
431 989 518 1069 εὑρεῖν
541 995 660 1069 συγγενῆ

227 1094 345 1168 πένητές
369 1093 451 1152 ἐστιν·
476 1093 539 1153 οίιδὲ
562 1085 603 1166 εἷς
624 1094 677 1173 γὰρ
700 1092 836 1172 ὁμολογεῖ

230 1197 304 1276 αὑτῷ
325 1199 472 1278 προσήκειν
494 1201 540 1258 τὀν
564 1197 787 1282 βοηθείαςτινδς
823 1225 826 1230 ·

229 1301 374 1378 δεόμενον·
400 1301 530 1364 αἰτεῖσθαι
552 1304 605 1384 γὰρ
629 1305 733 1378 ἄματι
755 1303 902 1384 προσδοκᾷ.

1054 1386 1120 1437 (Men.
1136 1386 1242 1435 Mainake,
1256 1399 1276 1426 v.
1291 1386 1328 1436 IV,
1344 1398 1364 1436 p.
1379 1387 1423 1436 71.)

228 1469 472 1549 Είικαταρρὸνητός
496 1471 561 1547 ἐστι,
585 1471 696 1550 Γόργιοι,
719 1471 804 1546 πένης

229 1575 283 1632 κᾶν
304 1575 374 1632 πάνυ
397 1574 470 1655 λέηρ
494 1575 595 1634 δίκαια.
619 1575 711 1636 τούτου
733 1575 786 1655 γὰρ
809 1574 905 1652 λέγειν

228 1679 313 1738 ἕνεκα
336 1679 418 1753 μόνου
441 1679 559 1756 νομίζεθ’
573 1673 660 1760 οὗτος,
682 1683 728 1739 τοῦ
751 1677 858 1752 λαβεῖν.

228 1780 278 1842 καί
300 1785 466 1862 συκοφάντης
488 1784 567 1855 εὐθὺς
590 1784 605 1842 ὁ
627 1785 658 1843 τδ
680 1778 820 1864 τριβώνιον

230 1887 305 1966 έχων
327 1889 462 1966 καλεῖται,
486 1892 536 1948 κᾶν
560 1889 739 1964 ἀδικούμενος
760 1889 840 1968 τιίχῃ.
1054 1971 1084 2023 (Μ
1137 1971 1221 2011 ,Η
1293 1971 1321 2012 w
1380 1970 1423 2022 ,8,

1086 1983 1120 2012 ΘΠ.
1159 1983 1207 2012 elne
1224 1983 1278 2020 ΕΛ.
1324 1983 1364 2022 ’p‘
1408 2001 1412 2010 ·

228 2065 328 2124 Κακδν
351 2064 382 2122 τδ
405 2064 443 2138 μὴ
456 2063 542 2140 ’χειν·
566 2064 701 2141 τοιγένσς
724 2063 774 2122 ουκ
797 2063 894 2138 ἔβοσκέ
918 2085 961 2138 με.

1224 2146 1257 2196 (Ε.
1273 2145 1353 2187 Ρίιυειι,
1367 2146 1424 2196 405.)

228 2235 311 2283 *-*
323 2238 430 2308 Καλῶς
453 2237 582 2296 πένεσθαι
606 2236 717 2310 μᾶλλον
739 2240 757 2312 η
779 2238 906 2297 πλουτεῖν
928 2245 1032 2318 κακῶς,

229 2343 261 2402 τδ
286 2343 337 2416 μὲν
360 2340 414 2422 γὰρ
438 2341 528 2421 έλεον,
552 2343 582 2400 τδ
606 2339 631 2399 δ’
646 2341 796 2418 ἐπιτίμησιν
819 2345 898 2403 ποιεῖ.

886 2425 1013 2477 (Διιίῖρίιιισ.
1030 2425 1105 2468 ὶιιοοτί.
1121 2425 1227 2474 Μεῖιιείιε,
1242 2438 1262 2468 ν.
1278 2425 1316 2475 111.
1332 2437 1352 2477 p.
1369 2428 1424 2477 15⁴.)

229 2551 382 2627 Μηδέποτε
405 2552 490 2626 ζήσας
513 2551 528 2610 δ
549 2553 635 2627 πένης
658 2551 763 2631 βροτδς,
787 2552 842 2612 οὔδ’
855 2551 1029 2626 ἀποθνήσκει.

334 2653 381 2714 καὶ
405 2657 454 2730 ζῆν
476 2655 529 2735 γὰρ
554 2655 658 2715 δοκέων
682 2657 721 2728 ὡς
742 2657 821 2728 νέκυς
843 2654 876 2734 ἦν
900 2658 914 2714 δ
936 2657 1034 2728 τάλας.

1155 2740 1245 2791 (Ραίίιιᾱ.
1261 2739 1327 2782 Διιθίι.
1341 2739 1367 2788 Χ,
1381 2739 1425 2789 6³.)

233 2821 378 2898 Μηδέποτ’
391 2821 543 2898 οὐλομένην
564 2821 659 2898 πενίην
681 2822 846 2902 θυμόρθορον
870 2819 946 2902 ἀνδρί

229 2925 342 2987 τέτλαθ’
356 2920 504 3002 ὀνειδίζειν,
529 2927 660 3006 μακάρων
684 2925 755 2985 δόσιν
779 2924 837 2986 αἰέν
862 2927 970 2987 ἐόντων,

1206 3011 1266 3060 (fles.
1282 3009 1320 3060 op.
1335 3009 1424 3059 715541.)

231 3093 355 3168 Μήποτέ
377 3113 418 3152 τοι
439 3091 533 3166 πενίην
557 3092 724 3171 θυμέρθορον
747 3090 823 3173 ἀνδρί
845 3091 993 3173 χολωθείς,

338 3197 404 3272 μηδ’
417 3197 610 3276 ἀχρημοσύνην
634 3197 787 3273 οὐλομένην
810 3200 936 3278 πρόφερε.

725 3301 748 3322 ,ι

230 3302 303 3373 Ζεὺς
325 3303 379 3381 γάρ
401 3323 440 3361 τοι
463 3303 494 3360 τδ
516 3301 652 3361 τάλαντον
677 3301 815 3382 ἐπιρρέπει
838 3301 943 3361 ἄλλοτε
968 3302 1075 3380 ἄλλως,

336 3405 441 3465 οίλλοτε
465 3405 515 3481 μὲν
538 3405 675 3484 πλουτεῖν,
699 3406 804 3465 σίλλοτε
827 3405 914 3481 μηδὲν
937 3405 1022 3484 ἔχειν.

1183 3488 1306 3540 (Theognis.
1322 3489 1426 3538 155sqq.)

232 3573 315 3632 Μισῶ
338 3573 442 3648 πένητα
464 3571 585 3651 πλουσίῳ
609 3571 790 3652 δωρούμενον,

233 3677 357 3756 ἔλεγχός
381 3676 438 3736 ἐστι
459 3683 509 3752 τῆς
532 3677 701 3758 ἀχσρτοίστσυ
723 3677 816 3754 τίκηης.

951 3761 1019 3812 (Meu.
1035 3759 1111 3802 ἰαοετί.
1127 3759 1233 3808 Μεῖιιείιε,
1247 3771 1267 3800 ν.
1282 3759 1318 3806 IV,
1333 3770 1354 3810 p.
1369 3759 1426 3810 267.)

234 3839 338 3914 Ξένους
360 3843 479 3918 πένητας
501 3843 548 3918 μὴ·
562 3841 744 3926 παραδράμῃς
767 3841 841 3904 ἰδών.

939 3927 1005 3978 (δίου.
1020 3927 1112 3968 Μουσεί.
1127 3924 1232 3973 Mainake,
1247 3937 1266 3967 v.
1282 3924 1318 3974 IV.
1333 3935 1354 3976 p.
1369 3925 1427 3977 851.)

231 4006 315 4066 Ὅθεν
336 4007 464 4066 πένεσθαι
488 4007 598 4082 μᾶλλον
621 4007 713 4082 ἡδέως
737 4009 805 4088 ἔχω,

233 4112 308 4189 ἔχειν
330 4132 362 4170 τε
386 4113 492 4192 μέτρια,
515 4111 683 4191 κάμέριμνον
707 4114 755 4187 ζῆν
780 4111 848 4192 βίον,

230 4213 279 4274 καί
302 4213 367 4290 μήτ’
381 4216 455 4294 ἔχειν
477 4217 596 4276 πλοῦτόν
620 4236 665 4294 με,
691 4219 760 4292 μήτε
782 4219 946 4297 πράγματα·

232 4325 287 4392 ποῖς
312 4319 365 4401 γὰρ
386 4321 473 4395 πένης
496 4323 533 4380 ὢν
558 4318 672 4399 μεγάλα
694 4320 832 4401 κερδαίνει
854 4323 937 4382 κακοί.

933 4421 1034 4473 (Philam.
1049 4421 1126 4464 incert.
1141 4420 1247 4471 Μεῖαοίιε,
1263 4433 1282 4462 τ.
1297 4420 1334 4470 IV,
1348 4433 1369 4472 p.
1384 4423 1428 4471 ³5.)

232 4529 270 4590 Οί
293 4531 344 4606 μὲν
366 4529 422 4610 γὰρ
443 4532 582 4607 κακότητα
605 4529 827 4611 κατατρίψαντες
850 4531 942 4607 έχουσι

336 4635 456 4716 πλείτω,
480 4633 522 4695 τοὶ
544 4633 570 4692 δ’
583 4630 681 4716 ἀρετὴν
705 4634 844 4716 οθλομένη
865 4633 954 4716 πενίῃ.

1183 4717 1306 4769 (Theognis,
1323 4720 1371 4758 10⁶1
1384 4717 1429 4767 ιη.)
