3532 5500
861 517 1099 583 ..216-

385 711 456 784 Ταῖς
478 711 602 789 ἀτυχίαις
626 711 724 786 μήποτ’
750 713 875 792 ἐπίχαιρε
897 718 951 772 τῶν
972 713 1073 787 πέλας,

385 817 453 896 προς
475 817 523 892 τὴν
546 817 629 895 τύχην
652 812 706 898 γὰρ
729 820 897 897 ζυγομαχεῖν
919 819 950 878 ού
973 815 1075 898 ῥᾴδιον.

1103 901 1169 953 (lien.
1186 901 1262 943 inoert.
1277 901 1384 952 Meineko,
1398 915 1418 943 τ.
1435 903 1470 950 Ν,
1486 915 1505 954 φ.
1520 906 1572 952 m)

385 1009 440 1068 Τον
465 1009 558 1069 ἄδικον
581 1007 628 1068 καὶ
650 1010 767 1089 πονηρδν
791 1010 876 1090 ἄνδρα
898 1009 966 1088 φημὶ
989 1010 1084 1070 ἄθλιον
1107 1004 1185 1074 εἶναι.
1489 1096 1573 1148 (m)

387 1163 466 1210 *-*
488 1164 537 1244 Τῷ
559 1167 613 1247 γὰρ
636 1171 730 1238 κακῶς
751 1169 895 1246 πράσσοντι
918 1167 999 1246 μυρία
1022 1167 1072 1244 μία

386 1267 433 1342 νύξ
456 1271 537 1330 ἐστιν.

1427 1356 1459 1407 (s,
1474 1356 1508 1398 ir.
1522 1358 1574 1406 ιιι.)

390 1437 487 1516 Φίλοι,
510 1442 604 1496 κακῶν
628 1436 678 1511 μέν
703 1438 775 1508 ὅστις
799 1436 928 1517 ἔμπειρος
950 1443 1034 1518 κυρεῖ,

390 1541 528 1600 ἐπίσταται
552 1540 684 1621 βροτοῖσιν
708 1543 746 1613 ὡς
768 1542 833 1601 ὅταν
855 1542 965 1602 κλύδων

388 1651 482 1704 κακῶν
507 1645 623 1728 ἐπέλθῃ,
646 1648 734 1706 πάντα
757 1645 904 1722 δειμαίνειν
926 1648 1010 1726 φιλεῖ,

388 1751 452 1809 ὅταν
476 1750 529 1810 δ’ὁ
552 1750 657 1826 δαίμων
681 1753 761 1832 εὐροῇ
782 1753 948 1832 πεποιθέναι,

388 1857 434 1914 τδν
458 1857 536 1914 αύτδν
559 1853 603 1914 ἀεὶ
626 1855 733 1931 δαίμον’
748 1857 844 1936 ούριεῖν
866 1857 962 1934 τύχης.

390 2023 460 2096 Φεύ,
484 2025 542 2100 φεύ,
565 2023 654 2101 γέρων
676 2023 727 2097 μέν
751 2021 823 2097 εἰμ’·
847 2025 923 2097 ὅμως
946 2023 977 2082 δέ
1001 2045 1048 2098 μοι
1069 2025 1160 2084 θανεῖν

391 2124 443 2205 εἴη,
465 2124 526 2204 πρὶν
549 2124 651 2206 αἰσχρᾷ
672 2129 828 2206 περιπεσεῖν
849 2128 917 2206 τύχη
940 2127 998 2188 τινί.

1343 2213 1376 2264 (E.
1392 2211 1474 2254 Ησοοδ.
1489 2213 1525 2253 497
1539 2213 1577 2261 ιο.)

391 2287 431 2350 Ὦ
455 2289 562 2370 δαῖμον,
586 2293 624 2363 ῶς
647 2292 696 2350 σύκ
719 2290 772 2351 ἔστ’
796 2291 950 2372 ἀποστροφὴ
974 2292 1080 2372 βροτοῖς

391 2401 445 2455 τῶν
472 2396 594 2474 ἐμφύτων
617 2417 647 2456 τε
669 2393 716 2456 καὶ
738 2398 883 2473 θεηλάτων
906 2402 1010 2459 κακῶν.

1343 2483 1375 2532 (S.
1390 2482 1425 2523 Fr.
1441 2482 1515 2523 inan.
1526 2484 1577 2532 684.)

498 2583 582 2640 Vide:
602 2586 736 2639 Amicitia:
754 2583 863 2654 ’Ἀφιλοη
882 2586 1005 2651 Τοιοῦτον,
1019 2615 1050 2625 -
1064 2589 1231 2654 Desperatio:
1248 2586 1324 2639 Ὥστε
1342 2586 1433 2656 μηδεὶς.
1447 2617 1478 2624 -
1492 2588 1578 2639 Hom:

394 2673 433 2738 Μὴ
453 2673 603 2742 σκυθρωπός,
621 2665 654 2723 Ὦ
673 2674 810 2744 δυστυχεῖν.
831 2704 863 2712 -
883 2675 1031 2726 Sikniium:
1051 2672 1090 2723 Ἐν
1110 2676 1213 2726 κακοῖσι.
1232 2703 1265 2712 -
1294 2676 1362 2728 Vita.-
1387 2673 1503 2743 Αἰαχρύν.

608 2847 809 2932 miseratio,
832 2847 1045 2913 Misericordia
1068 2849 1122 2934 (cs.
1146 2848 1377 2934 Condolentia.)

396 2991 505 3070 Ἀνδρος
527 2992 647 3072 πονηροῦ
669 2991 829 3069 σπλάγχνον
852 2993 882 3051 ού
905 2991 1085 3066 μαλάσσεται.

1097 3075 1163 3128 (λύειν.
1180 3076 1271 3118 Μοαοει.
1287 3075 1393 3124 Μοῖοελι,
1408 3087 1428 3117 τ.
1445 3075 1513 3126 1v‚p.
1528 3076 1578 3124 δεῖ.)

394 3221 402 3236 .
428 3223 434 3235 .
459 3223 466 3235 .
492 3173 572 3234 ἔλεον
597 3173 648 3250 μέν
672 3176 827 3254 ἀπώλεσεν,
846 3175 914 3235 ούδέ
938 3174 962 3235 οἱ
986 3174 1070 3248 αἰδὼς

393 3277 505 3358 γίνεται.

1281 3365 1352 3416 (Hom.
1368 3363 1394 3405 11.
1410 3363 1482 3412 XXIV.
1496 3367 1527 3412 44,
1541 3364 1578 3412 νη.)

395 3445 455 3506 Ούκ
478 3446 559 3506 ύπιδα
581 3447 739 3528 φρονέοντες
763 3445 802 3506 ἐνὶ
824 3445 924 3528 φρεσὶν,
950 3447 1007 3507 ούδ’
1032 3447 1156 3523 ἐλεητύν.

1335 3528 1578 3581 (Μωωω

398 3637 463 3698 Ούτ’
489 3636 519 3710 ἐξ
541 3637 613 3718 ἱεροῦ
637 3637 740 3720 βωμὸν,
765 3637 825 3699 ούτε
846 3639 879 3698 ἐκ
893 3645 943 3716 τῆς
959 3635 1128 3721 ἀνθρωπίνης
1143 3642 1246 3720 φύσεως
1261 3639 1420 3720 ἀφαιρετέον
1435 3641 1480 3699 τὀν
1497 3638 1577 3698 έλεον.

1314 3740 1425 3792 (Phocion,
1439 3740 1499 3782 stab.
1513 3741 1529 3789 1.
1542 3739 1580 3785 δι.)

399 3837 440 3897 Oi>
461 3843 514 3896 τῶν
537 3840 697 3920 κακούργων
720 3834 820 3922 οἶκτος,
844 3841 922 3901 ἀλλὰ
943 3846 993 3916 τῆς
1016 3840 1103 3917 δίκης.

1350 3923 1383 3974 (Ε.
1398 3923 1432 3964 Pr.
1448 3923 1508 3975 Auge
1520 3921 1579 3972 vlu.)

399 4000 479 4048 *-*
501 4005 633 4064 Χαλεπύν
658 4005 729 4065 ἐστιν
754 4005 844 4065 ἐλεεῖν
867 4008 925 4081 ἅμα
947 4004 995 4064 καὶ
1017 4009 1131 4086 φρονεῖν.

1451 4088 1579 4140 (Agesilai.)

399 4169 541 4244 Ὠμηοτὴς
563 4167 610 4229 καὶ
633 4165 745 4243 ἄπιστος
768 4171 836 4251 ἀνὴρ
859 4171 922 4252 ὅδε,
947 4169 976 4232 ού
998 4171 1023 4231 α’
1039 4171 1160 4252 ἐλεήσει,

366 4287 372 4300 ·
400 4274 462 4333 ούδέ
484 4273 509 4333 τί
531 4275 556 4334 α’
569 4273 715 4336 αἰδέσεται.

1288 4359 1359 4410 (nom.
1375 4359 1401 4400 ιι.
1416 4359 1488 4408 xxiv.
1502 4358 1578 4408 ιοοιι.)

616 4497 792 4567 Modestia
816 4499 870 4587 (of.
895 4500 1016 4584 Μούιιν,
1041 4501 1153 4583 Pudor,
1176 4501 1377 4584 Frugalitas).

401 4639 479 4686 *-*
490 4641 607 4718 Ἀμαθία
631 4641 701 4716 μετὰ
724 4643 893 4722 σωφροσύνης
915 4637 1139 4722 ὠφελιμώτερον,
1170 4646 1187 4718 ἢ
1212 4640 1335 4719 δεξιότης
1357 4645 1419 4717 μετ’
1431 4641 1577 4708 ἀκολασίας.

1420 4741 1541 4795 (Thucydid.
1553 4739 1578 4790 θ.)
