3532 5500
692 547 842 611 -253
889 585 926 596 -

221 789 228 801 .
255 785 262 798 .
288 788 294 798 .
319 743 403 814 μόνος
424 745 478 799 τῶν
501 741 622 820 ῥητόρων

219 846 252 903 τό
273 847 384 924 κέντρον
408 845 590 922 ἐγκατέλειπε
614 847 670 916 τοῖς
693 846 889 923 ἀκροωμένοις.

936 929 1017 979 (Schol.
1033 927 1140 978 Aristoph.
1156 927 1262 976 Meineke,
1277 939 1297 967 ν.
1314 928 1341 977 ΙΙ,
1355 928 1414 978 458.)

221 1035 324 1106 Μόθων
347 1055 376 1093 τε
400 1035 492 1114 ῥητῆρ’
506 1036 610 1112 ἔμεναι,
635 1037 778 1115 πρηκτῆρά
801 1057 831 1095 τε
855 1037 952 1116 ἔργων.

1175 1119 1247 1170 (Hom.
1263 1120 1288 1160 11.
1304 1119 1339 1164 τε.
1355 1123 1411 1171 ιω.)

226 1192 322 1262 Οίιτως
345 1192 375 1249 οίι
396 1194 524 1251 πάντεσσι
547 1185 605 1251 θεοί
627 1191 759 1271 χαρίεντα
782 1189 896 1252 διδοῦσιν

222 1295 360 1375 ἀνδράσιν,
384 1295 444 1355 οάτε
466 1297 542 1375 φυὴν,
566 1294 621 1355 οὔτ’
633 1299 666 1374 ἀρ
690 1298 797 1377 φρένας,
822 1295 877 1356 οὔτ’
890 1297 1033 1376 ἀγορητύν.

224 1399 316 1472 ἀλλος
339 1399 389 1474 μέν
412 1403 466 1480 γάρ
488 1398 512 1459 τ’
525 1395 599 1472 εἶδος
623 1399 795 1480 ἀκιδνότερος
816 1399 897 1460 πέλει
920 1399 998 1479 ἀνὴρ,

223 1503 303 1564 ἀλλά
326 1505 389 1575 θεδς
413 1505 516 1584 μορφὴν
541 1506 617 1565 ἔπεσι
640 1507 738 1584 στέφει,
761 1503 786 1563 σί
809 1503 840 1562 δέ
862 1506 886 1564 τ’
900 1503 929 1576 ἐς
952 1505 1030 1564 αὐτόν

221 1609 383 1687 τερπόμενοι
407 1607 579 1668 λεύσσουσιν·
603 1610 618 1668 δ
642 1608 666 1668 δ’
680 1609 826 1688 ἀσφαλέως
848 1607 974 1687 ἀγορεύει

224 1711 296 1771 αἰδοῖ
318 1711 453 1792 μειλιχίῃ,
478 1713 548 1788 μετά
570 1712 600 1772 δὲ
623 1715 721 1792 τρέπει
743 1709 943 1792 ἀγρομένοισιν,

222 1817 376 1896 ἐρχόμενον
399 1816 423 1874 δ’
436 1817 487 1875 ἀνά
511 1819 575 1876 ἀστυ
597 1817 660 1875 θεόν
683 1820 722 1888 ὣς
744 1815 907 1898 εἰσορόωσιν.

222 1921 314 1992 ἀλλος
337 1921 362 1979 δ’
376 1917 408 1980 αὖ
432 1917 504 1993 εἶδος
527 1921 578 1994 μὲν
601 1922 727 2000 ἀλίγκιος
750 1922 931 2000 ἀθανάτοισιν,

223 2025 292 2084 ἀλλ’
306 2024 336 2084 οὔ
357 2025 384 2085 οί
405 2029 486 2105 χάρις
509 2021 780 2105 ἀμφιτεριστρέφεται
803 2025 936 2086 ἐπέεσσιν.

1098 2111 1169 2161 (Hom.
1185 2110 1223 2152 0d.
1239 2110 1296 2156 v111.
1312 2113 1349 2152 167
1357 2111 1414 2161 εφη.)

222 2214 286 2292 Οάχ
315 2209 394 2291 ἧττον
430 2217 472 2275 δεῖ
501 2217 718 2291 καταμανθάνειν
748 2217 809 2288 τοίις
838 2223 892 2276 τῶν
922 2217 1061 2294 λεγόντων
1092 2220 1221 2296 τρόπους,
1251 2221 1270 2292 ἢ
1301 2217 1363 2297 περί
1396 2220 1414 2276 ἀ

223 2321 344 2396 strowi·
1276 2405 1415 2458 (Agesilaus.)

224 2475 322 2554 Παῦιῦα
346 2477 406 2556 θὲίι
430 2477 507 2536 ἀλλὰ
530 2477 609 2553 μάλα
631 2477 745 2554 λιγέως·
1175 2561 1238 2606 (νοω
1262 2562 1280 2602 ιι
1304 2562 1334 2602 111
1358 2565 1414 2612 νισι

223 2631 331 2712 Ῥήτωρ
353 2635 471 2712 πονηρός
492 2637 548 2704 τοῖς
571 2635 664 2708 νόμοῑς
686 2632 856 2709 λυμθίίέταῑ·
929 2718 986 2768 (Men
1011 2717 1095 2758 nonost
1116 2717 1136 2757 Μ
1151 2717 1173 2757 ἰ,
1187 2717 1214 2758 φ,
1236 2729 1249 2758 v
1272 2717 1300 2758 1v
1323 2729 1336 2769 p
1358 2721 1413 2768 3f0)

991 2749 995 2758 ,
1096 2747 1102 2758 .
1138 2729 1149 2758 ι·
1175 2731 1186 2758 ε
1217 2749 1221 2766 ,
1251 2748 1256 2758 .
1302 2751 1307 2764 .
1338 2748 1343 2758 ·
1377 2737 1403 2758 ³·

225 2823 306 2900 Σίχα,
331 2826 429 2901 σιάιπα,
452 2826 571 2903 πρόσεχε
594 2827 639 2883 τόν
662 2827 732 2904 νοῦν,
755 2826 922 2906 χρέμπτεται
945 2825 998 2905 γὰρ
1020 2823 1085 2907 ἤδη,

223 2929 314 3007 ὥσπερ
335 2928 472 2988 ποιοῠσ“οἱ
495 2929 623 3008 ῥήτορες·
647 2930 754 3008 μακρὰν
778 2930 851 2989 ἔοικε
874 2930 978 3006 λέγειν.

1120 3013 1165 3062 (Ar.
1180 3013 1308 3064 Thesmoph.
1323 3016 1360 3055 ³31
1371 3015 1413 3065 sq.)

224 3084 283 3159 Τὴν
308 3083 455 3165 παροιμίαν
478 3083 502 3142 δ’
516 3086 627 3164 ἐπαινῶ,

221 3189 271 3266 τὴν
293 3189 433 3249 παλαιάν,
458 3191 507 3249 θπδ
530 3190 599 3269 λίθῳ
622 3191 676 3270 γάρ

222 3293 303 3351 παντί
324 3314 374 3352 που
396 3295 461 3374 χρὴ,

223 3398 262 3474 μὴ
286 3397 357 3480 δάκῃ
381 3399 479 3478 ῥητωρ,
505 3400 604 3479 ἀθρεῖν.

1103 3483 1148 3534 (Ar.
1163 3483 1291 3534 Thesmoph.
1306 3485 1344 3526 52⁸
1357 3485 1414 3535 sqq.)

223 3588 282 3664 Τῆς
305 3587 336 3647 δὲ
360 3589 504 3669 ῥητορικῆς
526 3589 672 3667 φαντασίας
694 3589 843 3650 κάλλιστον
866 3587 909 3649 ἀεὶ
931 3591 962 3650 τδ
986 3592 1141 3670 ἔμπρακτον
1164 3590 1211 3650 καί
1235 3591 1378 3666 ἐναληθες.

1241 3691 1342 3744 (Longin.
1357 3691 1411 3742 XV.)

228 3782 299 3860 Φεῡ,
323 3785 380 3860 φεῦ,
403 3782 433 3840 τό
456 3781 494 3856 μὴ
517 3780 551 3838 τά
571 3781 711 3860 πράγματ’
723 3777 873 3861 ἀνθρώποις
898 3783 971 3858 ἔχειν

226 3885 326 3965 φωνὴν,
350 3885 384 3943 ἵν’
397 3882 466 3963 ἦσαν
489 3885 577 3960 μηδὲν
601 3884 625 3945 σί
650 3884 731 3946 δεινοί
753 3885 863 3964 λέγειν·

224 3995 270 4050 νῦν
286 3990 311 4049 δ’
324 3991 437 4070 είυρόοισι
460 3992 573 4066 στόμασι
596 3991 786 4065 τάληθέστατα

225 4093 398 4175 κλέπτουσιν,
421 4097 491 4154 ὥστε
514 4095 553 4173 μὴ
577 4094 667 4155 δοκεῖν
690 4098 708 4154 ά
729 4095 785 4175 χρὴ
809 4095 907 4154 δοκεῖν.

1158 4179 1191 4230 ιιι.
1206 4179 1241 4220 Fr.
1257 4179 1343 4230 Hippol.
1359 4179 1415 4232 m.)

681 4300 959 4370 Ornamentum.

224 4445 339 4517 Κόσμον
362 4443 412 4518 μὲν
435 4442 533 4523 ἀνδρὸς
556 4442 635 4503 οὔτιν’
649 4447 680 4502 ἀν
703 4442 825 4524 τρέσαιμ’
839 4444 906 4524 ἐγὼ,

224 4547 281 4608 οὐδ’
307 4547 439 4608 έλκοποιά
461 4547 584 4626 γίγνεται
606 4547 641 4606 τὰ
663 4550 786 4622 πόματα·

222 4653 302 4732 λόφοι
326 4651 368 4730 δὲ,
391 4651 489 4712 κώδων
511 4652 572 4712 τὀὺ
596 4650 721 4712 δάκνουσί
733 4651 797 4712 ἀνευ
821 4651 909 4732 δορός.

1018 4735 1052 4788 (Α,
1068 4737 1127 4786 Sept.
1141 4735 1213 4777 Contr.
1228 4736 1294 4777 Theb.
1309 4739 1347 4778 ³97
1357 4738 1413 4788 sqq.)
