3516 5500
724 537 959 602 -363-

241 749 281 806 Τὸ
303 747 357 828 γὰρ
380 749 428 825 ζῆν
452 747 490 824 μὴ
514 749 609 820 καλῶς
632 750 721 827 μέγας
742 751 833 821 πόνος·
1229 835 1256 886 (ις
1280 834 1352 875 Ησσιιυ
1375 835 1433 886 378)

241 906 280 964 Το
302 904 356 984 γὰρ
379 905 458 964 κενου
480 909 526 965 τοῦ
548 903 607 979 βίου
629 905 725 965 πλεῖον
747 909 794 966 τοῦ
816 907 1005 987 συμφέροντος.

241 1042 367 1104 *-*Το
391 1046 439 1121 ζῆν
461 1048 507 1104 τοῦ
530 1043 568 1120 μὴ
592 1047 641 1125 ζῇν
664 1043 743 1104 οῦδὲν
766 1045 840 1117 θλιυς
864 1045 972 1124 ἀπέχει.
1272 991 1433 1044 (Theophmt.)

241 1153 295 1221 τοῖς
317 1150 332 1207 θ
355 1149 413 1224 βίος
434 1149 549 1229 τοιόσδε,
574 1149 642 1230 ῥοπὴ
666 1151 762 1226 μόνον·
787 1152 820 1210 ἂν
841 1147 997 1232 προλάβῃς,
1020 1157 1077 1214 σοῦ.

242 1255 274 1312 σ’ίν
297 1253 329 1313 δὲ
351 1254 445 1334 θοίνης,
469 1254 561 1334 ἑτέρου
583 1255 682 1334 ποίντα,
705 1254 736 1314 οῦ
758 1253 784 1314 δ’
799 1253 877 1314 οῦδὲν
901 1255 985 1334 ἐ’χεις.

241 1393 368 1464 Τοιοῦτος
390 1393 405 1451 θ
428 1392 487 1465 βίος
510 1367 587 1454 ἐστὶν
605 1393 756 1474 ἀνθρώπου,
778 1393 866 1472 -ρίναι,
1223 1339 1321 1390 (Anthol.
1336 1339 1372 1386 XL
1387 1339 1432 1389 Μ’)

242 1495 564 1576 εῦφραινόμεσθέλαττον
586 1499 604 1572 ἡ
627 1497 795 1572 λυποῦμεθα.

939 1582 1039 1634 (Philan.
1055 1583 1130 1624 ίυοοτί.
1146 1583 1251 1630 Μυίυεθε,
1268 1594 1286 1623 ν.
1304 1583 1339 1631 lv,
1355 1593 1375 1633 p.
1390 1583 1432 1632 50.)

242 1655 354 1714 Τοιοῦτο
377 1655 407 1714 τ“ο
430 1655 478 1730 ζῆν
502 1653 581 1730 ἐστιν,
606 1657 696 1734 ὥοπερ
720 1653 744 1714 οἱ
766 1655 852 1737 κύβοι,

243 1759 272 1818 οὐ
294 1757 366 1818 ταῦτ’
380 1755 424 1817 ἀεὶ
445 1758 591 1840 πίπτουσιν,
615 1757 678 1818 ουδὲ
701 1757 740 1836 τῷ
762 1757 813 1837 βίῳ

241 1863 337 1922 τοῦτον
361 1862 485 1938 διαμένει
508 1868 613 1941 σχῆμα,
638 1861 798 1938 μεταβολὰς
821 1861 844 1922 δ’
860 1863 929 1940 ἔχει.

1024 1947 1116 1998 (Δίειίᾱ.
1132 1948 1237 1993 ΜείιιεΙιο,
1253 1960 1272 1988 ν.
1288 1946 1326 1994 111,
1341 1959 1361 1998 p.
1377 1947 1434 1998 999.)

242 2038 317 2096 Τοῖσι
341 2037 391 2110 μὲν
415 2032 444 2096 εῦ
465 2037 622 2116 πράττουσιν
646 2038 719 2108 ἅπας
742 2037 756 2095 θ
780 2035 839 2110 βίος
863 2035 966 2118 βραχὺς
990 2038 1077 2098 ἐστιν·

344 2145 401 2213 τοῖς
424 2141 455 2202 δὲ
477 2147 582 2214 κακῶς,
606 2141 656 2217 μία
678 2138 724 2214 νὶιξ
748 2142 867 2214 ἄπλετος
891 2142 945 2202 ἐστι
967 2146 1076 2224 χρόνος.

1134 2227 1232 2280 (Lucina,
1247 2227 1335 2268 Anthol.
1352 2227 1376 2276 X,
1391 2229 1434 2278 98.)

242 2319 298 2378 Τοῦ
315 2317 481 2400 ἀνθρωπίνου
501 2315 558 2392 βίου
575 2317 589 2376 ὁ
605 2315 655 2393 μὲν
670 2317 779 2397 χρόνος,
797 2320 912 2396 στιγμή·
928 2319 946 2393 ἡ
963 2315 994 2378 δὲ
1010 2316 1086 2378 οῦοία
1101 2319 1214 2399 ῥέουσα·
1229 2321 1247 2394 ἠ
1265 2318 1296 2378 δὲ
1312 2317 1435 2391 αἴσθησις

243 2419 364 2502 ἀμυδρά·
386 2423 404 2498 ν’)
427 2421 458 2480 δὲ
481 2422 548 2482 ὅλου
570 2426 617 2481 τοῦ
635 2424 761 2496 σώματος
785 2425 930 2502 σίιγνριοις,
948 2421 1093 2500 εὕοηπτος·
1117 2425 1135 2499 ἡ
1158 2424 1190 2484 δὲ
1213 2427 1303 2501 ψυχῆς
1316 2421 1433 2502 ῥόμβος·

244 2528 261 2600 ἡ
287 2525 318 2585 δὲ
341 2527 410 2604 τῦχη
435 2527 647 2607 δυστέκμαρτον
671 2529 689 2604 ν’)
714 2526 744 2586 δὲ
767 2529 842 2606 φήμη
866 2528 984 2608 ἄκριτον,
1007 2528 1145 2588 συνελόντι
1168 2527 1199 2588 δὲ
1222 2525 1323 2588 εἰπεῖν·
1346 2529 1435 2586 ποίντα

242 2630 276 2688 τὰ
301 2630 352 2706 μὲν
374 2635 420 2690 τοῦ
443 2633 568 2705 σώματος
590 2634 727 2706 ποταμός·
750 2630 785 2691 τὰ
807 2630 838 2690 δὲ
860 2638 909 2707 τῆς
931 2636 1031 2710 ψυχῆς,
1055 2632 1158 2712 ὄνειρος
1180 2631 1225 2692 καὶ
1249 2633 1339 2712 τῦφος·
1364 2635 1378 2691 ὁ
1402 2631 1434 2691 δὲ

246 2734 305 2809 βίος
328 2733 522 2810 πόλεμοςκαὶ
545 2733 622 2807 ξένου
646 2736 792 2812 ἐπιδημία
815 2739 833 2812 ἡ
857 2736 1037 2817 ῦοτεροφημία
1059 2736 1091 2796 δὲ
1113 2737 1196 2813 λήθη.

1138 2821 1211 2872 (Marc.
1227 2820 1330 2862 Antonin.
1347 2819 1375 2866 11,
1392 2822 1433 2870 Π.)

243 2911 299 2970 Τοῦ
323 2909 390 2988 βίου,
414 2907 538 2992 καθάπερ
561 2911 732 2990 ἀγάλματος,
756 2911 900 2971 πάντατὰ
923 2914 993 2992 μέρη
1016 2912 1093 2972 καλὰ
1115 2907 1186 2972 εἶναι
1209 2912 1259 2972 δεῖ.

1148 2997 1216 3044 (Soet.
1231 3008 1264 3046 ιφ.
1281 2996 1339 3036 Stob.
1355 2996 1373 3044 1,
1387 2998 1430 3046 33.)

242 3049 320 3106 Τοῦτ’
335 3047 390 3108 ἐστὶ
412 3050 443 3109 τθ
467 3052 525 3130 ζῆν,
549 3050 599 3127 οίνχ
622 3049 709 3130 ἑαυτῷ
733 3053 780 3126 ζῆν
804 3053 895 3126 μόνον.

1051 3137 1116 3188 (Men.
1133 3135 1238 3183 Μυίιιείτο,
1254 3145 1273 3176 ν.
1289 3135 1324 3184 w,
1339 3147 1359 3185 p.
1375 3135 1432 3184 290.)

242 3205 404 3285 Τριοοίθλιθν
427 3226 461 3284 γε
483 3203 530 3264 καὶ
552 3205 727 3287 ταλαίπωρον
750 3208 824 3287 φύσει

241 3309 355 3370 πολλῶν
377 3331 407 3370 τε
431 3313 528 3386 μεστόν
552 3311 608 3370 ἐστι
629 3313 659 3371 τ“ο
682 3313 731 3388 ζῆν
753 3310 908 3392 φροντίδων.

1051 3397 1117 3446 (Men.
1133 3395 1238 3444 Meineke.
1254 3409 1273 3437 v.
1290 3397 1324 3446 lv,
1340 3409 1359 3448 p.
1375 3399 1432 3448 20³.)

242 3487 350 3567 Τρθχος
373 3488 495 3566 θμοιρτος
515 3487 570 3566 γὰρ
592 3477 646 3568 οίοι,
671 3487 762 3562 βίοτος
783 3489 875 3568 τρέχει
898 3487 1043 3559 κυλισθείς.

243 3625 353 3705 Τυφλον
374 3646 408 3702 γε
431 3624 477 3685 καί
501 3625 627 3700 δύστηνον
651 3625 791 3706 ἀνθρώπου
814 3625 883 3702 βίος.
1351 3572 1431 3623 (prov.)

951 3710 1016 3761 (Μυιι.
1032 3711 1122 3751 Μοσυετ,
1137 3710 1243 3758 Μοίιιοίιο,
1258 3723 1277 3750 ν.
1294 3709 1328 3760 IV,
1345 3723 1365 3761 p.
1376 3713 1432 3762 354.)

240 3793 276 3858 Ὦ
299 3800 363 3878 Ζεῦ,
386 3798 411 3858 τί
432 3799 493 3859 ποθ’
504 3801 569 3875 ἡμῖν
593 3799 655 3870 δοὺς
677 3799 776 3880 χρόνον
798 3802 844 3859 τοῦ
866 3801 915 3876 ζῆν
938 3799 1041 3880 βραχὺν

241 3903 355 3963 πλέκειν
378 3903 491 3973 ἀλίιπιος
512 3907 605 3963 τοῦτον
627 3905 702 3980 ἡμᾶς
725 3905 776 3963 οῦκ
799 3902 860 3986 έφῖς,

1026 3987 1116 4039 (Euphr.
1131 3987 1237 4036 Mainake„
1252 3999 1271 4028 ν.
1289 3987 1323 4036 w,
1339 4001 1359 4038 p.
1374 3989 1430 4039 090.)

243 4039 280 4102 Ὦ
303 4043 480 4120 πολύμοχθος
503 4042 581 4117 βιοτθι
603 4043 719 4122 θνητοῖς,

241 4151 280 4220 ὡς
303 4146 346 4208 ἐπὶ
368 4145 447 4206 παντί
470 4142 593 4229 σφαλερὰ
615 4151 714 4228 κεῖσαι,

241 4251 344 4313 καὶτὰ
367 4253 417 4329 μὲν
440 4249 540 4332 αὔξεις,
563 4253 597 4312 τὰ
620 4252 851 4334 δ’ἀποφθινθθεις,

241 4359 309 4419 κοῦκ
331 4359 401 4417 ἔστιν
424 4358 487 4439 ὅρος
508 4357 636 4434 κείμενος
658 4357 756 4440 οῦδεὶς,

242 4461 281 4535 είς
304 4464 393 4522 ὅντινα
414 4463 469 4542 χρὴ
492 4463 604 4524 τελέσαι
625 4465 726 4544 θητοῖς,

241 4567 315 4643 πλὴν
339 4569 403 4627 ὅταν
426 4567 495 4650 ἔλθη
518 4568 619 4650 κρυερὰ
641 4568 736 4629 Διόθεν

241 4673 356 4732 θανάτου
378 4674 530 4753 πεμφθεῖσα
552 4673 677 4748 τολευτί).

1183 4757 1216 4808 (Ε.
1233 4757 1267 4798 Fr.
1284 4757 1359 4799 ίσοοτθ.
1375 4757 1431 4808 108.)
