3476 5490
819 505 1033 570 u48..

332 697 448 777 Πτωχού
471 698 542 778 φίλοι
566 697 614 758 ούκ
637 696 701 758 εἰσιν
725 697 750 759 οἱ
772 701 944 780 γεννήτορες.

1346 783 1419 834 (nich.
1435 783 1521 835 Δροσί.)

331 867 387 947 Πῦρ
410 865 456 925 καί
479 866 621 925 θάλασσαν
644 864 691 925 καί
713 865 799 937 πνοὰς
821 866 870 938 τὰς
886 864 993 946 αἰθέρος
1015 870 1100 945 περοῖν
1124 867 1234 941 ἑτοῖμος
1256 867 1322 945 ὑπὲρ
1345 867 1383 946 τῷ
1406 867 1487 944 φιλῳ.

683 962 686 968 ·
1209 951 1276 1001 (plut.
1292 950 1366 991 Amab.
1383 953 1415 998 17,
1430 954 1449 999 2,
1465 951 1520 999 760.)

329 1025 381 1082 Σύν
402 1025 459 1095 τοῖς
482 1023 569 1102 φίλοις
592 1024 646 1104 γὰρ
669 1023 720 1098 ἡδύ
743 1025 793 1098 μὲν
815 1021 945 1104 πράσσειν
967 1025 1073 1096 καλῶς.

1352 1107 1386 1158 (π,
1404 1106 1448 1151 τοι.
1463 1109 1520 1156 τινα)

328 1191 386 1260 Τόις
410 1191 460 1265 μὲν
482 1195 536 1248 τῶν
559 1191 669 1269 φαύλων
692 1191 834 1267 συνηθείας
857 1189 953 1268 ὀλίγος
967 1191 1065 1270 χρόνος
1088 1189 1207 1268 διέλυσε,
1230 1190 1279 1259 τὰς
1303 1189 1333 1248 δὲ
1356 1196 1410 1249 τῶν
1432 1211 1519 1250 σπου-

329 1293 412 1352 δαίων
435 1293 528 1373 φιλίας
551 1295 650 1354 οὐδ’ἂν
675 1297 746 1368 ἅπας
770 1293 835 1355 αίὼν
859 1293 1040 1373 ἐξαλείψειεν.

1319 1379 1393 1427 (lsocr.
1410 1380 1469 1419 Dem.
1487 1381 1521 1426 1.)

328 1497 336 1512 .
362 1500 368 1512 .
394 1498 402 1512 .
425 1452 459 1510 τὰ
481 1458 533 1511 τῶν
557 1453 643 1532 φίλων

329 1555 475 1634 αἴσχιστον,
500 1559 572 1628 όστις
594 1556 762 1630 καταβαλὼν
787 1558 816 1630 ές
839 1558 978 1637 συμφορὰς

329 1661 408 1732 αθτδς
431 1663 572 1720 σέσωσται.
1339 1701 1341 1705 -

1243 1745 1276 1796 (Ε.
1292 1744 1362 1796 Iphig.
1376 1745 1401 1786 Τ.
1415 1747 1454 1786 605
1461 1745 1519 1795 σφα.)

327 1817 370 1875 Τὰ
393 1823 446 1876 τῶν
469 1817 553 1896 φίλων
576 1812 654 1898 κοίν’,
669 1819 698 1878 ού
722 1822 804 1894 μόνον
826 1819 861 1878 τόι
882 1821 1023 1898 χρήματα,

327 1920 373 1982 καί
395 1927 441 1982 νού
464 1921 494 1980 δὲ
517 1921 564 1982 καί
586 1925 740 2003 φρονήσεως
764 1923 899 1984 κοινωνία.

1216 2006 1282 2056 (Men.
1298 2005 1390 2056 Adelph.
1405 2009 1425 2055 θ,
1440 2006 1472 2048 el.
1487 2008 1520 2057 4.)

327 2079 371 2136 Τὰ
393 2080 513 2158 χρήματ’
527 2079 703 2160 ἀνθρώποισιν
727 2080 844 2160 εὑρίσκει
866 2080 970 2159 φίλους,
1366 2164 1426 2214 (Η
1462 2165 1520 2214 m)

1392 2195 1396 2204 .
1428 2175 1445 2204 Γ.
1502 2195 1508 2205 .

326 2235 421 2311 Τηλού
443 2236 517 2316 φίλοι
540 2234 661 2310 ναίοντες
683 2237 732 2296 ούκ
755 2235 821 2297 εἰσιν
844 2237 924 2315 φίλοι.
1286 2225 1295 2248 ⁸

1240 2321 1311 2370 )Ρτον.
1327 2319 1406 2361 Athen.
1421 2319 1446 2369 V,
1461 2323 1519 2370 181.)

326 2392 361 2450 Τί
383 2393 437 2474 γὰρ
459 2395 558 2472 γένοιτ’
571 2398 603 2454 ἂν
627 2395 710 2467 ἕλκος
734 2398 825 2471 μεῖζον
848 2399 866 2470 ἦ
890 2393 967 2474 φίλος

325 2519 425 2578 κονιοςς

325 2659 453 2717 Τοιοῦτον
476 2656 653 2736 ἀνθρώποισιν
676 2659 694 2733 ἡ
718 2654 868 2736 δυσπραξία

327 2811 333 2822 .
360 2811 366 2822 .
393 2809 399 2822 .
423 2761 509 2840 φίλων
534 2761 653 2839 ἐλεγχον
676 2762 882 2839 ἀψευδέστατον.

1211 2846 1243 2896 (Ε.
1259 2845 1346 2887 Πετιιιί.
1362 2845 1412 2885 Fur.
1427 2847 1452 2886 51
1460 2846 1517 2896 sqq.)

324 2929 390 2998 Τοῖς
414 2927 464 3002 μέν
487 2931 607 2987 νοσοῦσιν
632 2925 748 3006 ἰατρούς,
770 2931 827 2999 τοῖς
843 2927 866 2985 δ’
881 2923 1006 3004 ἀτυχοῦσι
1029 2927 1123 3006 φιλους
1147 2926 1188 2985 δεῖ
1209 2929 1360 3006 παραινεῖν.

546 3023 548 3028 “
1254 3011 1322 3062 (Soet.
1338 3011 1397 3050 stob.
1414 3011 1458 3059 11³,
1474 3011 1518 3058 111.)

325 3090 452 3150 *-*Τδ
476 3095 526 3169 μὲν
549 3089 603 3174 γὰρ
627 3093 706 3152 αύτόν
730 3093 762 3152 ἐκ
784 3098 878 3152 νεανιῶν
901 3095 1063 3170 πεφευγέναι

323 3197 441 3275 ἥδιστον,
467 3198 495 3270 ές
517 3200 603 3258 κακόν
627 3198 658 3258 δὲ
680 3200 742 3270 τοὺς
764 3198 858 3277 φίλους
881 3198 957 3276 οίγειν

324 3303 462 3381 ἀλγεινόν.

1277 3387 1307 3436 (S.
1323 3385 1397 3438 Antig.
1412 3389 1516 3436 όθῖεφφ.)

325 3506 331 3517 .
358 3508 364 3521 .
389 3505 396 3519 .
419 3460 482 3531 τούς
506 3460 600 3539 φίλους

324 3564 352 3620 ἐν
375 3567 430 3634 τοῖς
453 3568 549 3634 κανοῖς
571 3565 625 3643 χρὴ
653 3566 709 3635 τοῖς
731 3564 846 3643 φίλοισιν
869 3564 996 3642 ὠφελεῖν,

326 3671 389 3728 όταν
413 3668 466 3726 δ’ὁ
490 3667 594 3744 δαίμων
617 3667 646 3728 εύ
670 3667 746 3748 διδῷ,
770 3669 793 3727 τί
817 3667 860 3727 δεῖ
881 3667 981 3746 φίλων;

1278 3752 1311 3802 (E.
1326 3751 1395 3792 orest.
1411 3753 1514 3801 θθύοιφφ.)

325 3835 429 3913 Τύμβῳ
452 3835 505 3913 γὰρ
529 3832 617 3906 ούδείς
638 3834 731 3905 πιστδς
754 3833 901 3914 ἀνθρώπιον
925 3828 1012 3912 φίλος.

1280 3917 1313 3966 (Β.
1329 3917 1362 3956 Τι’.
1379 3917 1455 3957 ῖτιεετ1.
1470 3919 1514 3966 19.)

323 3998 371 4076 Τῷ
396 3998 445 4073 μὲν
467 4000 498 4057 τό
522 4005 603 4074 σῶμα
626 3999 818 4077 διατεθειμένῳ
841 4003 934 4068 κακῶς

322 4103 396 4183 χρεί’
410 4102 481 4163 ἐστίν
505 4103 609 4184 ίατρού·
632 4104 670 4183 τῷ
695 4104 725 4163 δὲ
748 4104 796 4180 τὴν
819 4104 909 4181 ψυχὴν
932 4097 1020 4181 φίλου,

322 4210 410 4284 λύπην
433 4209 487 4288 γὰρ
511 4207 601 4279 εὔνους
624 4204 681 4266 οἶδε
705 4209 863 4288 θεραπεύειν
886 4208 973 4286 φίλος.

1237 4289 1303 4340 (Men.
1319 4288 1394 4330 iucert.
1410 4291 1441 4332 01.
1456 4293 1514 4342 254.)

321 4375 384 4432 Τῶν
407 4373 529 4433 ἀπόντων
551 4373 637 4452 φίλων
661 4376 786 4449 μέμνησο
808 4373 875 4452 πρός
897 4373 960 4444 τούς
982 4375 1126 4452 παρόντας.

1253 4455 1326 4506 (noer.
1341 4455 1367 4496 ud
1382 4457 1470 4497 Demon.
1481 4459 1513 4503 8.)

323 4579 329 4591 .
355 4579 361 4592 .
387 4581 393 4592 .
417 4537 471 4590 τῶν
494 4530 547 4611 γὰρ
567 4531 677 4606 ἠθάδων

320 4636 392 4716 φίλοι
414 4637 470 4695 νέοι
494 4636 627 4711 μολόντες
651 4637 857 4714 εύπειθέστεροι.

1259 4719 1292 4768 (E.
1309 4718 1409 4758 Androm.
1423 4721 1461 4758 818
1468 4731 1500 4767 sq.
1505 4725 1512 4768 J
