3516 5500
702 531 942 595 -331-

223 725 369 784 Ἄποινθ’ό
392 725 497 804 μακρός
519 724 721 803 κάναρίθμητος
743 726 842 805 χρόνος

221 830 282 908 φύει
304 825 425 909 τάδηλα,
447 827 494 888 καὶ
516 817 634 908 φανέντα
655 831 815 909 κρύπτεται·

222 935 293 993 κούκ
316 934 369 993 ἔστ’
383 933 503 994 ἄελπτον
525 933 614 1016 ούδὲν,
637 934 706 994 ἀλλ’
719 934 862 994 ἁλίσκεται

221 1039 268 1116 χῶ
292 1039 378 1112 δεινός
400 1040 491 1120 ὅρκος,
514 1037 563 1118 χαί
585 1041 759 1120 περισκελεῑς
781 1041 884 1120 φρένες.

223 1195 313 1254 Ἐπάν
334 1195 387 1254 σ’ό
409 1197 503 1276 καιρός
527 1195 639 1278 ἐμβάλῃ
660 1197 778 1267 πολλοῖς
801 1201 907 1276 κακοῖς,

225 1302 266 1375 μὴ
290 1299 449 1383 ἐκκακήσης
470 1302 558 1360 πάντα
581 1301 702 1376 εθθύμως
725 1303 831 1382 φέρειν·

223 1405 310 1465 πάλιν
333 1404 387 1482 γὰρ
410 1403 470 1482 όψει
492 1409 547 1464 τῶν
568 1410 662 1465 κακῶν
684 1407 862 1488 περιτροπην·

226 1506 273 1569 ἀεὶ
295 1508 348 1590 γὰρ
372 1511 411 1582 ῶς
432 1512 532 1590 τρόχος
555 1512 569 1569 ό
591 1513 692 1590 χρόνος
713 1509 845 1572 κυλίεται.
1123 1574 1128 1586 ,

820 1595 906 1646 (Gnom.
921 1595 978 1638 Meu.
994 1597 1017 1638 et
1030 1595 1117 1638 Philist.
1132 1597 1238 1646 Mainake.
1254 1609 1273 1640 v.
1284 1597 1321 1648 IV,
1331 1609 1352 1649 p.
1363 1597 1419 1649 3³6.)

226 1715 234 1728 .
260 1713 268 1726 .
294 1715 300 1728 .
325 1687 384 1726 επει

223 1773 326 1851 χρόνος
349 1767 453 1830 δίκαιον
477 1770 562 1851 ἄνδρα
585 1769 716 1832 δείκνυσιν
740 1773 834 1849 μόνος,

227 1876 317 1934 κακόν
341 1872 371 1935 δὲ
394 1877 446 1935 κᾶν
469 1874 498 1934 έν
520 1875 614 1958 ἡμέρᾳ
635 1874 730 1954 γνοίης
753 1875 812 1958 μιᾷ.

1138 1961 1170 2012 (S.
1186 1959 1259 2013 Oedip.
1275 1962 1300 2002 R.
1314 1964 1353 2004 61³
1363 1963 1420 2014 sqq.)

227 2079 234 2092 .
262 2080 269 2093 .
294 2077 301 2092 .
326 2032 381 2091 ἔστι
403 2035 459 2104 τοῖς
482 2034 573 2112 σοφοῖς
596 2031 700 2114 βροτῶν

224 2139 319 2217 χρόνῳ
342 2137 500 2197 σκοπεῖσθαι
522 2143 572 2214 τῆς
595 2137 729 2214 ἀληθείας
750 2139 819 2218 πέρι.
1230 2195 1235 2203 ,

1045 2222 1113 2273 (Men.
1128 2221 1226 2264 Μσίποὶο
1240 2234 1261 2264 ν.
1276 2221 1312 2272 IV,
1327 2234 1348 2273 p.
1363 2223 1420 2274 m.)

224 2292 328 2366 Ἤθους
352 2293 384 2353 δὲ
407 2293 527 2368 βάσανός
551 2294 621 2354 ἐστιν
644 2295 794 2376 ἀνθρώποις
815 2297 924 2376 χρόνος.

933 2379 1000 2431 (Men.
1015 2379 1107 2421 Μοσονι.
1122 2377 1228 2430 Mainake,
1243 2391 1263 2420 ν.
1278 2377 1313 2428 IV.
1328 2391 1349 2431 p.
1364 2380 1422 2432 ³40.)

225 2450 330 2530 Καιρδν
352 2451 445 2529 γνῶθι.

1314 2536 1419 2590 (τύπω.)

227 2607 340 2679 Κακούς
364 2607 395 2667 δὲ
418 2609 521 2684 θνητῶν
546 2605 665 2688 έξέφην’,
688 2609 753 2668 όταν
775 2611 844 2691 τύχη

225 2709 337 2792 προθείς
359 2714 522 2792 κάτοπτρον,
546 2713 616 2772 ῶστε
637 2713 764 2794 παρθένῳ
786 2715 859 2796 νέορ,Ι

226 2818 334 2898 χρόνος.

1167 2904 1201 2956 (Ε.
1216 2904 1303 2958 Hippol.
1318 2907 1356 2948 428
1364 2905 1420 2958 sqq.)

227 2991 361 3052 Μάλιστα
384 2991 408 3052 δ’
424 2991 575 3067 ἐκπλήττει
598 3011 634 3068 με
657 2996 710 3051 τῶν
733 2991 892 3052 συνειδότων

228 3097 243 3155 ό
266 3097 378 3176 χρόνος,
401 3097 432 3156 δν
454 3093 508 3156 αἰεὶ
530 3095 674 3156 λανθάνειν
697 3095 845 3175 ἀμηχανῶ.

979 3182 1105 3235 (Antiphus.
1119 3182 1226 3234 Mainake,
1240 3195 1260 3226 ν.
1276 3184 1314 3234 ΙΠ,
1328 3196 1350 3236 p.
1365 3185 1421 3237 166.)

215 3269 311 3370 ,Μετὰ
333 3271 382 3346 τὴν
405 3270 483 3330 σκιὰν
505 3273 621 3348 τάχιστα
642 3273 776 3352 γηράσκει
798 3274 907 3352 χρόνος.
1149 3358 1211 3410 (stob
1234 3359 1273 3402 1301
1295 3360 1305 3402 1
1327 3359 1355 3400 IX
1378 3360 1421 3412 1¹)

228 3429 265 3487 ‘0
288 3427 341 3510 γὰρ
364 3430 464 3509 χρόνος
488 3426 612 3506 δίδαγμα
633 3428 839 3490 ποικιλώτατον.
866 3442 868 3452 ·

1117 3515 1150 3564 (Ε.
1165 3515 1200 3558 Fr.
1216 3514 1338 3568 Belleroph.
1353 3514 1421 3566 xm.)

228 3584 265 3643 ‘0
288 3585 465 3666 γάρχρόνος
488 3585 603 3661 μάθησιν
627 3583 685 3644 ἀντὶ
706 3589 752 3646 τοῦ
774 3588 877 3664 τάχους

228 3687 346 3771 κρείσσω
370 3689 487 3750 δίδωσιν.

1191 3777 1223 3828 (Ε.
1239 3777 1315 3830 Suppl.
1329 3779 1369 3818 419
1378 3778 1421 3830 sq.)

231 3895 238 3907 .
264 3894 271 3908 .
298 3894 304 3907 .
329 3845 345 3903 ό
367 3843 398 3903 δὲ
420 3845 520 3926 χρόνος
541 3847 645 3928 τρέχει,

227 3951 323 4031 τρέχει
344 3950 406 4010 καθ’
421 3951 501 4026 ἡμῶν
523 3956 577 4010 τῶν
599 3950 781 4031 ταλαιπώρων
804 3951 919 4032 βροτῶν,

228 4057 316 4135 φέρων
340 4055 455 4114 ἑκάστου
477 4053 516 4133 τῷ
539 4053 590 4134 βίῳ
612 4057 808 4135 καταστροφήν.

1102 4140 1218 4192 (Panum,
1233 4141 1360 4183 νηποικ.
1375 4143 1419 4194 τι.)

229 4211 265 4270 ‘0
287 4212 379 4284 κοινός
401 4208 492 4291 ἰατρός
514 4231 546 4271 σε
568 4213 711 4293 θεραπεύει
734 4215 842 4294 χρόνος·
1083 4297 1179 4350 (Philipp
1202 4299 1253 4340 sm
1276 4299 1357 4341 cmv
1378 4301 1424 4352 ¹1)

199 4380 202 4385 ¹
232 4386 268 4446 ‘0
291 4385 379 4458 πολύς
400 4386 501 4467 χρόνος
521 4386 600 4446 πάντ’
614 4384 772 4468 ἐξελέγχει,
795 4387 932 4467 Νικοφῶν.

969 4472 1084 4523 (Meineke,
1100 4473 1135 4514 Fr.
1150 4473 1226 4515 inoert.
1242 4485 1262 4517 ν.
1277 4473 1314 4522 1v,
1328 4485 1349 4524 p.
1364 4475 1426 4526 69³.)

229 4557 317 4621 Ὅσαι
339 4561 433 4640 τέχναι
455 4564 596 4640 γεγόνασι,
618 4561 727 4640 ταύτας,
751 4558 774 4621 ὧ
796 4563 907 4644 Λάχης,

229 4664 320 4742 πάσας
343 4665 488 4728 ἐδίδασκεν
512 4667 526 4726 ό
548 4668 659 4746 χρόνος,
683 4669 734 4748 ούχ
756 4668 771 4726 ό
794 4664 972 4737 διδάσκαλος.

929 4751 1028 4804 (Philam.
1045 4750 1121 4798 incert.
1136 4751 1242 4801 Μεὶιιεύσ,
1257 4765 1277 4794 ν.
1292 4753 1328 4800 IV,
1342 4765 1363 4807 p.
1378 4753 1422 4806 54.)
