<?xml version="1.0" encoding="UTF-8"?>
<!DOCTYPE html PUBLIC "-//W3C//DTD XHTML 1.0 Transitional//EN"
    "http://www.w3.org/TR/xhtml1/DTD/xhtml1-transitional.dtd">
<html xmlns="http://www.w3.org/1999/xhtml" xml:lang="en" lang="en">
 <head>
  <title>
</title>
<meta http-equiv="Content-Type" content="text/html;charset=utf-8" />
  <meta name='ocr-system' content='tesseract 3.04.00' />
  <meta name='ocr-capabilities' content='ocr_page ocr_carea ocr_par ocr_line ocrx_word'/>
</head>
<body>
  <div class='ocr_page' id='page_1' title='image "./gnmaisivethesau00hngoog_0123.png"; bbox 0 0 3478 5490; ppageno 0'>
   <div class='ocr_carea' id='block_1_1' title="bbox 390 728 723 805">
    <p class='ocr_par' dir='ltr' id='par_1_1' title="bbox 390 728 723 805">
     <span class='ocr_line' id='line_1_1' title="bbox 390 728 723 805; baseline -0.003 -18"><span class='ocrx_word' id='word_1_1' title='bbox 390 729 511 805; x_wconf 83' lang='grc' dir='ltr'>λείψανα</span> <span class='ocrx_word' id='word_1_2' title='bbox 533 735 586 787; x_wconf 84' lang='grc' dir='ltr'>τῶν</span> <span class='ocrx_word' id='word_1_3' title='bbox 611 728 723 804; x_wconf 83' lang='grc' dir='ltr'>ἀγαθῶν</span> 
     </span>
    </p>
   </div>
   <div class='ocr_carea' id='block_1_2' title="bbox 392 833 1578 1223">
    <p class='ocr_par' dir='ltr' id='par_1_2' title="bbox 392 833 1578 1223">
     <span class='ocr_line' id='line_1_2' title="bbox 396 833 802 912; baseline 0 -20"><span class='ocrx_word' id='word_1_4' title='bbox 396 833 501 912; x_wconf 80' lang='grc' dir='ltr'>ἀνδρῶν</span> <span class='ocrx_word' id='word_1_5' title='bbox 524 833 674 912; x_wconf 80' lang='grc' dir='ltr'>ἀφαιρεῖται</span> <span class='ocrx_word' id='word_1_6' title='bbox 695 833 802 912; x_wconf 69' lang='grc' dir='ltr'>χρόνος.</span> 
     </span>
     <span class='ocr_line' id='line_1_3' title="bbox 1323 913 1578 963; baseline 0 -9"><span class='ocrx_word' id='word_1_7' title='bbox 1323 913 1357 963; x_wconf 75' lang='grc' dir='ltr'>(Β.</span> <span class='ocrx_word' id='word_1_8' title='bbox 1368 913 1470 954; x_wconf 74' lang='lat' dir='ltr'>Androm.</span> <span class='ocrx_word' id='word_1_9' title='bbox 1482 915 1520 954; x_wconf 71' lang='lat'>⁷⁶6</span> <span class='ocrx_word' id='word_1_10' title='bbox 1526 913 1578 963; x_wconf 73' lang='grc' dir='ltr'>σφα.)</span> 
     </span>
     <span class='ocr_line' id='line_1_4' title="bbox 392 984 990 1066; baseline -0.005 -18"><span class='ocrx_word' id='word_1_11' title='bbox 392 987 503 1049; x_wconf 87' lang='grc' dir='ltr'>Οἰκεῖον</span> <span class='ocrx_word' id='word_1_12' title='bbox 526 989 611 1060; x_wconf 77' lang='grc' dir='ltr'>σότιυς</span> <span class='ocrx_word' id='word_1_13' title='bbox 633 988 710 1048; x_wconf 73' lang='grc' dir='ltr'>οὐδέν</span> <span class='ocrx_word' id='word_1_14' title='bbox 734 988 813 1066; x_wconf 80' lang='grc' dir='ltr'>ἐστιν,</span> <span class='ocrx_word' id='word_1_15' title='bbox 836 984 859 1046; x_wconf 81' lang='grc' dir='ltr'><em>ὦ</em></span> <span class='ocrx_word' id='word_1_16' title='bbox 882 989 990 1065; x_wconf 75' lang='grc' dir='ltr'>Λόχες,</span> 
     </span>
     <span class='ocr_line' id='line_1_5' title="bbox 397 1089 998 1174; baseline -0.005 -22"><span class='ocrx_word' id='word_1_17' title='bbox 397 1094 444 1152; x_wconf 82' lang='grc' dir='ltr'>ἐὰν</span> <span class='ocrx_word' id='word_1_18' title='bbox 467 1098 554 1174; x_wconf 82' lang='grc' dir='ltr'>σκοπῇ</span> <span class='ocrx_word' id='word_1_19' title='bbox 576 1114 625 1167; x_wconf 88' lang='grc' dir='ltr'>τις,</span> <span class='ocrx_word' id='word_1_20' title='bbox 650 1094 689 1164; x_wconf 81' lang='grc' dir='ltr'>ὡς</span> <span class='ocrx_word' id='word_1_21' title='bbox 711 1092 778 1172; x_wconf 86' lang='grc' dir='ltr'>ἀνήρ</span> <span class='ocrx_word' id='word_1_22' title='bbox 799 1113 830 1150; x_wconf 88' lang='grc' dir='ltr'>τε</span> <span class='ocrx_word' id='word_1_23' title='bbox 853 1089 898 1150; x_wconf 80' lang='grc' dir='ltr'>καὶ</span> <span class='ocrx_word' id='word_1_24' title='bbox 920 1095 998 1170; x_wconf 79' lang='grc' dir='ltr'>γυνή.</span> 
     </span>
     <span class='ocr_line' id='line_1_6' title="bbox 1298 1173 1577 1223; baseline -0.004 -9"><span class='ocrx_word' id='word_1_25' title='bbox 1298 1174 1364 1223; x_wconf 69' lang='grc' dir='ltr'>(δίου.</span> <span class='ocrx_word' id='word_1_26' title='bbox 1382 1174 1459 1215; x_wconf 75' lang='lat' dir='ltr'><strong>incort.</strong></span> <span class='ocrx_word' id='word_1_27' title='bbox 1476 1173 1509 1214; x_wconf 84' lang='lat' dir='ltr'>cl.</span> <span class='ocrx_word' id='word_1_28' title='bbox 1524 1175 1577 1222; x_wconf 73' lang='lat' dir='ltr'>m.)</span> 
     </span>
    </p>
   </div>
   <div class='ocr_carea' id='block_1_3' title="bbox 762 1276 1212 1363">
    <p class='ocr_par' dir='ltr' id='par_1_3' title="bbox 762 1276 1212 1363">
     <span class='ocr_line' id='line_1_7' title="bbox 762 1276 1212 1363; baseline -0.009 -17"><span class='ocrx_word' id='word_1_29' title='bbox 762 1279 906 1363; x_wconf 76' lang='lat' dir='ltr'>Fatum,</span> <span class='ocrx_word' id='word_1_30' title='bbox 929 1280 1002 1344; x_wconf 83' lang='lat' dir='ltr'>Sors</span> <span class='ocrx_word' id='word_1_31' title='bbox 1026 1279 1078 1362; x_wconf 75' lang='lat' dir='ltr'><strong>(cs.</strong></span> <span class='ocrx_word' id='word_1_32' title='bbox 1102 1276 1212 1362; x_wconf 85' lang='lat' dir='ltr'><strong>Mors).</strong></span> 
     </span>
    </p>
   </div>
   <div class='ocr_carea' id='block_1_4' title="bbox 393 1421 949 1713">
    <p class='ocr_par' dir='ltr' id='par_1_4' title="bbox 393 1421 949 1713">
     <span class='ocr_line' id='line_1_8' title="bbox 393 1421 949 1504; baseline 0 -24"><span class='ocrx_word' id='word_1_33' title='bbox 393 1423 505 1482; x_wconf 86' lang='grc' dir='ltr'>Ἀλλόί</span> <span class='ocrx_word' id='word_1_34' title='bbox 528 1423 647 1504; x_wconf 87' lang='grc' dir='ltr'>μοιριδία</span> <span class='ocrx_word' id='word_1_35' title='bbox 669 1443 707 1492; x_wconf 84' lang='grc' dir='ltr'>τις</span> <span class='ocrx_word' id='word_1_36' title='bbox 731 1421 836 1492; x_wconf 84' lang='grc' dir='ltr'>δόνασις</span> <span class='ocrx_word' id='word_1_37' title='bbox 859 1421 949 1480; x_wconf 84' lang='grc' dir='ltr'>δεινοί·</span> 
     </span>
     <span class='ocr_line' id='line_1_9' title="bbox 394 1525 854 1606; baseline -0.007 -18"><span class='ocrx_word' id='word_1_38' title='bbox 394 1528 493 1588; x_wconf 81' lang='grc' dir='ltr'>οὔτ’ἇν</span> <span class='ocrx_word' id='word_1_39' title='bbox 516 1549 554 1587; x_wconf 88' lang='grc' dir='ltr'>νιν</span> <span class='ocrx_word' id='word_1_40' title='bbox 577 1527 672 1605; x_wconf 86' lang='grc' dir='ltr'>όλβος,</span> <span class='ocrx_word' id='word_1_41' title='bbox 696 1525 750 1587; x_wconf 83' lang='grc' dir='ltr'>οὔτ’</span> <span class='ocrx_word' id='word_1_42' title='bbox 762 1526 854 1606; x_wconf 77' lang='grc' dir='ltr'>Ἄρης,</span> 
     </span>
     <span class='ocr_line' id='line_1_10' title="bbox 394 1630 796 1713; baseline -0.005 -22"><span class='ocrx_word' id='word_1_43' title='bbox 394 1633 424 1691; x_wconf 82' lang='grc' dir='ltr'>σὺ</span> <span class='ocrx_word' id='word_1_44' title='bbox 447 1634 558 1713; x_wconf 78' lang='grc' dir='ltr'>πύργος,</span> <span class='ocrx_word' id='word_1_45' title='bbox 582 1634 632 1710; x_wconf 74' lang='grc' dir='ltr'>οίιμΙ</span> <span class='ocrx_word' id='word_1_46' title='bbox 654 1630 796 1691; x_wconf 74' lang='grc' dir='ltr'>ἁλίκτυποι</span> 
     </span>
    </p>
   </div>
   <div class='ocr_carea' id='block_1_5' title="bbox 397 1735 1579 1871">
    <p class='ocr_par' dir='ltr' id='par_1_5' title="bbox 397 1735 1579 1871">
     <span class='ocr_line' id='line_1_11' title="bbox 397 1735 782 1814; baseline -0.003 -18"><span class='ocrx_word' id='word_1_47' title='bbox 397 1735 523 1796; x_wconf 80' lang='grc' dir='ltr'>κελαιναί</span> <span class='ocrx_word' id='word_1_48' title='bbox 546 1741 610 1806; x_wconf 86' lang='grc' dir='ltr'>νοῖες</span> <span class='ocrx_word' id='word_1_49' title='bbox 634 1736 782 1814; x_wconf 73' lang='grc' dir='ltr'>ἐκφύγοιεν.</span> 
     </span>
     <span class='ocr_line' id='line_1_12' title="bbox 1305 1817 1579 1871; baseline 0 -13"><span class='ocrx_word' id='word_1_50' title='bbox 1305 1817 1336 1868; x_wconf 83' lang='lat' dir='ltr'>(S.</span> <span class='ocrx_word' id='word_1_51' title='bbox 1350 1817 1468 1871; x_wconf 71' lang='lat' dir='ltr'><strong>Antigono,</strong></span> <span class='ocrx_word' id='word_1_52' title='bbox 1482 1818 1579 1868; x_wconf 65' lang='lat' dir='ltr'>9⁵1⁵qu</span> 
     </span>
    </p>
   </div>
   <div class='ocr_carea' id='block_1_6' title="bbox 396 1887 1579 2128">
    <p class='ocr_par' dir='ltr' id='par_1_6' title="bbox 396 1887 1579 2128">
     <span class='ocr_line' id='line_1_13' title="bbox 396 1887 1063 1976; baseline -0.006 -24"><span class='ocrx_word' id='word_1_53' title='bbox 396 1889 491 1976; x_wconf 80' lang='grc' dir='ltr'>(Ἀλλ’</span> <span class='ocrx_word' id='word_1_54' title='bbox 509 1887 670 1974; x_wconf 51' lang='lat' dir='ltr'>{bum-105¹&gt;</span> <span class='ocrx_word' id='word_1_55' title='bbox 692 1893 775 1969; x_wconf 86' lang='grc' dir='ltr'><strong>γνῶθι</strong></span> <span class='ocrx_word' id='word_1_56' title='bbox 798 1891 874 1962; x_wconf 86' lang='grc' dir='ltr'>δ’ὡς</span> <span class='ocrx_word' id='word_1_57' title='bbox 898 1891 971 1968; x_wconf 81' lang='grc' dir='ltr'>ἔχων</span> <span class='ocrx_word' id='word_1_58' title='bbox 995 1891 1063 1968; x_wconf 81' lang='grc' dir='ltr'>ἔχει,</span> 
     </span>
     <span class='ocr_line' id='line_1_14' title="bbox 398 1988 721 2073; baseline 0 -17"><span class='ocrx_word' id='word_1_59' title='bbox 398 1995 446 2056; x_wconf 91' lang='grc' dir='ltr'>καί</span> <span class='ocrx_word' id='word_1_60' title='bbox 468 1997 492 2054; x_wconf 88' lang='grc' dir='ltr'>σ’</span> <span class='ocrx_word' id='word_1_61' title='bbox 505 1988 580 2055; x_wconf 84' lang='grc' dir='ltr'>εῖλεν</span> <span class='ocrx_word' id='word_1_62' title='bbox 602 1997 620 2069; x_wconf 82' lang='grc' dir='ltr'>ἡ</span> <span class='ocrx_word' id='word_1_63' title='bbox 643 1997 721 2073; x_wconf 64' lang='grc' dir='ltr'>τθρη.</span> 
     </span>
     <span class='ocr_line' id='line_1_15' title="bbox 1310 2079 1579 2128; baseline 0.004 -9"><span class='ocrx_word' id='word_1_64' title='bbox 1310 2079 1341 2128; x_wconf 77' lang='lat' dir='ltr'>(s,</span> <span class='ocrx_word' id='word_1_65' title='bbox 1357 2079 1408 2120; x_wconf 72' lang='grc' dir='ltr'>οεσ.</span> <span class='ocrx_word' id='word_1_66' title='bbox 1424 2079 1470 2120; x_wconf 78' lang='grc' dir='ltr'>σοι,</span> <span class='ocrx_word' id='word_1_67' title='bbox 1485 2081 1579 2128; x_wconf 71' lang='grc' dir='ltr'>ιοαση.)</span> 
     </span>
    </p>
   </div>
   <div class='ocr_carea' id='block_1_7' title="bbox 396 2167 1031 2976">
    <p class='ocr_par' dir='ltr' id='par_1_7' title="bbox 396 2167 950 2352">
     <span class='ocr_line' id='line_1_16' title="bbox 396 2167 950 2250; baseline -0.002 -21"><span class='ocrx_word' id='word_1_68' title='bbox 396 2172 461 2242; x_wconf 84' lang='grc' dir='ltr'>Διός</span> <span class='ocrx_word' id='word_1_69' title='bbox 482 2170 577 2250; x_wconf 83' lang='grc' dir='ltr'>ἵμερος</span> <span class='ocrx_word' id='word_1_70' title='bbox 599 2170 648 2230; x_wconf 82' lang='grc' dir='ltr'>ουκ</span> <span class='ocrx_word' id='word_1_71' title='bbox 670 2167 817 2248; x_wconf 79' lang='grc' dir='ltr'>εδθήρατος</span> <span class='ocrx_word' id='word_1_72' title='bbox 840 2169 950 2246; x_wconf 79' lang='grc' dir='ltr'>ἐπίχθη,</span> 
     </span>
     <span class='ocr_line' id='line_1_17' title="bbox 397 2273 772 2352; baseline -0.008 -19"><span class='ocrx_word' id='word_1_73' title='bbox 397 2276 485 2333; x_wconf 83' lang='grc' dir='ltr'>πάντα</span> <span class='ocrx_word' id='word_1_74' title='bbox 507 2295 548 2334; x_wconf 89' lang='grc' dir='ltr'>τοι</span> <span class='ocrx_word' id='word_1_75' title='bbox 570 2274 699 2352; x_wconf 81' lang='grc' dir='ltr'>φλεγέθει</span> <span class='ocrx_word' id='word_1_76' title='bbox 722 2273 772 2332; x_wconf 85' lang='grc' dir='ltr'>κάν</span> 
     </span>
    </p>

    <p class='ocr_par' dir='ltr' id='par_1_8' title="bbox 398 2374 801 2458">
     <span class='ocr_line' id='line_1_18' title="bbox 398 2374 801 2458; baseline -0.007 -21"><span class='ocrx_word' id='word_1_77' title='bbox 398 2379 496 2456; x_wconf 86' lang='grc' dir='ltr'>σκότῳ,</span> <span class='ocrx_word' id='word_1_78' title='bbox 522 2375 642 2458; x_wconf 81' lang='grc' dir='ltr'>μελαίνᾳ</span> <span class='ocrx_word' id='word_1_79' title='bbox 664 2374 709 2448; x_wconf 70' lang='grc' dir='ltr'>Ευν</span> <span class='ocrx_word' id='word_1_80' title='bbox 731 2377 801 2458; x_wconf 77' lang='grc' dir='ltr'>πόχᾳ</span> 
     </span>
    </p>

    <p class='ocr_par' dir='ltr' id='par_1_9' title="bbox 398 2481 655 2560">
     <span class='ocr_line' id='line_1_19' title="bbox 398 2481 655 2560; baseline -0.004 -18"><span class='ocrx_word' id='word_1_81' title='bbox 398 2484 544 2560; x_wconf 76' lang='grc' dir='ltr'>μερόπεσσι</span> <span class='ocrx_word' id='word_1_82' title='bbox 565 2481 655 2552; x_wconf 85' lang='grc' dir='ltr'>λαοῖς.</span> 
     </span>
    </p>

    <p class='ocr_par' dir='ltr' id='par_1_10' title="bbox 396 2583 1031 2873">
     <span class='ocr_line' id='line_1_20' title="bbox 396 2583 916 2664; baseline -0.004 -20"><span class='ocrx_word' id='word_1_83' title='bbox 396 2586 485 2645; x_wconf 86' lang='grc' dir='ltr'>πίπτει</span> <span class='ocrx_word' id='word_1_84' title='bbox 509 2585 533 2644; x_wconf 91' lang='grc' dir='ltr'>δ’</span> <span class='ocrx_word' id='word_1_85' title='bbox 546 2585 669 2664; x_wconf 83' lang='grc' dir='ltr'>ἀσφαλὲς</span> <span class='ocrx_word' id='word_1_86' title='bbox 692 2584 747 2644; x_wconf 74' lang='grc' dir='ltr'>οὐδ’</span> <span class='ocrx_word' id='word_1_87' title='bbox 760 2583 804 2643; x_wconf 84' lang='grc' dir='ltr'>ἐπὶ</span> <span class='ocrx_word' id='word_1_88' title='bbox 829 2587 916 2664; x_wconf 80' lang='grc' dir='ltr'>νώτῳ,</span> 
     </span>
     <span class='ocr_line' id='line_1_21' title="bbox 397 2689 1031 2772; baseline -0.002 -23"><span class='ocrx_word' id='word_1_89' title='bbox 397 2691 500 2772; x_wconf 83' lang='grc' dir='ltr'>κορυφᾷ</span> <span class='ocrx_word' id='word_1_90' title='bbox 522 2691 586 2761; x_wconf 83' lang='grc' dir='ltr'>Διός</span> <span class='ocrx_word' id='word_1_91' title='bbox 609 2689 633 2748; x_wconf 90' lang='grc' dir='ltr'>εί</span> <span class='ocrx_word' id='word_1_92' title='bbox 655 2690 758 2770; x_wconf 82' lang='grc' dir='ltr'>κρανθῇ</span> <span class='ocrx_word' id='word_1_93' title='bbox 779 2695 894 2768; x_wconf 84' lang='grc' dir='ltr'>πρᾶγμα</span> <span class='ocrx_word' id='word_1_94' title='bbox 916 2690 1031 2748; x_wconf 88' lang='grc' dir='ltr'>τέλειον.</span> 
     </span>
     <span class='ocr_line' id='line_1_22' title="bbox 400 2793 810 2873; baseline -0.007 -19"><span class='ocrx_word' id='word_1_95' title='bbox 400 2793 496 2854; x_wconf 80' lang='grc' dir='ltr'>δαυλοὶ</span> <span class='ocrx_word' id='word_1_96' title='bbox 519 2793 573 2873; x_wconf 78' lang='grc' dir='ltr'>γὰρ</span> <span class='ocrx_word' id='word_1_97' title='bbox 594 2793 734 2872; x_wconf 75' lang='grc' dir='ltr'>πραπίδων</span> <span class='ocrx_word' id='word_1_98' title='bbox 758 2793 810 2852; x_wconf 88' lang='grc' dir='ltr'>δοί-</span> 
     </span>
    </p>

    <p class='ocr_par' dir='ltr' id='par_1_11' title="bbox 399 2897 778 2976">
     <span class='ocr_line' id='line_1_23' title="bbox 399 2897 778 2976; baseline -0.005 -18"><span class='ocrx_word' id='word_1_99' title='bbox 399 2897 469 2958; x_wconf 79' lang='grc' dir='ltr'>σκιοί</span> <span class='ocrx_word' id='word_1_100' title='bbox 490 2919 520 2956; x_wconf 88' lang='grc' dir='ltr'>τε</span> <span class='ocrx_word' id='word_1_101' title='bbox 542 2899 669 2957; x_wconf 86' lang='grc' dir='ltr'>τείνουσιν</span> <span class='ocrx_word' id='word_1_102' title='bbox 691 2899 778 2976; x_wconf 83' lang='grc' dir='ltr'>πόροι,</span> 
     </span>
    </p>
   </div>
   <div class='ocr_carea' id='block_1_8' title="bbox 397 3001 1581 3136">
    <p class='ocr_par' dir='ltr' id='par_1_12' title="bbox 397 3001 1581 3136">
     <span class='ocr_line' id='line_1_24' title="bbox 397 3001 676 3084; baseline 0.004 -22"><span class='ocrx_word' id='word_1_103' title='bbox 397 3001 516 3062; x_wconf 76' lang='grc' dir='ltr'>κατιδεῖν</span> <span class='ocrx_word' id='word_1_104' title='bbox 540 3003 676 3084; x_wconf 80' lang='grc' dir='ltr'>ἄφραστοι.</span> 
     </span>
     <span class='ocr_line' id='line_1_25' title="bbox 1356 3086 1581 3136; baseline -0.018 0"><span class='ocrx_word' id='word_1_105' title='bbox 1356 3087 1390 3136; x_wconf 60' lang='grc' dir='ltr'>(Δ.</span> <span class='ocrx_word' id='word_1_106' title='bbox 1406 3086 1483 3136; x_wconf 70' lang='grc' dir='ltr'>θυυνὶ·</span> <span class='ocrx_word' id='word_1_107' title='bbox 1496 3088 1521 3127; x_wconf 75' lang='lat'>⁸⁶</span> <span class='ocrx_word' id='word_1_108' title='bbox 1530 3087 1581 3135; x_wconf 69' lang='grc' dir='ltr'>ιιι.)</span> 
     </span>
    </p>
   </div>
   <div class='ocr_carea' id='block_1_9' title="bbox 399 3173 1581 3413">
    <p class='ocr_par' dir='ltr' id='par_1_13' title="bbox 399 3173 1581 3413">
     <span class='ocr_line' id='line_1_26' title="bbox 403 3173 858 3254; baseline -0.015 -16"><span class='ocrx_word' id='word_1_109' title='bbox 403 3225 410 3238; x_wconf 91' lang='grc'><strong>.</strong></span> <span class='ocrx_word' id='word_1_110' title='bbox 436 3221 443 3235; x_wconf 90' lang='grc'><strong>.</strong></span> <span class='ocrx_word' id='word_1_111' title='bbox 468 3221 475 3235; x_wconf 94' lang='grc'><strong><em>.</em></strong></span> <span class='ocrx_word' id='word_1_112' title='bbox 500 3177 557 3254; x_wconf 83' lang='grc' dir='ltr'>ἐγὼ</span> <span class='ocrx_word' id='word_1_113' title='bbox 580 3175 604 3234; x_wconf 84' lang='grc' dir='ltr'>δ’</span> <span class='ocrx_word' id='word_1_114' title='bbox 619 3177 666 3234; x_wconf 82' lang='grc' dir='ltr'>ουκ</span> <span class='ocrx_word' id='word_1_115' title='bbox 689 3174 771 3244; x_wconf 84' lang='grc' dir='ltr'>αἴτιός</span> <span class='ocrx_word' id='word_1_116' title='bbox 794 3173 858 3253; x_wconf 84' lang='grc' dir='ltr'>εἰμι,</span> 
     </span>
     <span class='ocr_line' id='line_1_27' title="bbox 399 3277 758 3358; baseline -0.006 -18"><span class='ocrx_word' id='word_1_117' title='bbox 399 3279 477 3340; x_wconf 85' lang='grc' dir='ltr'>ἀλλὰ</span> <span class='ocrx_word' id='word_1_118' title='bbox 499 3279 568 3351; x_wconf 84' lang='grc' dir='ltr'>Ζεὶις</span> <span class='ocrx_word' id='word_1_119' title='bbox 589 3277 636 3338; x_wconf 80' lang='grc' dir='ltr'>καὶ</span> <span class='ocrx_word' id='word_1_120' title='bbox 656 3280 758 3358; x_wconf 91' lang='grc' dir='ltr'>Μοῖρα.</span> 
     </span>
     <span class='ocr_line' id='line_1_28' title="bbox 1317 3363 1581 3413; baseline 0 -9"><span class='ocrx_word' id='word_1_121' title='bbox 1317 3363 1388 3413; x_wconf 73' lang='lat' dir='ltr'><strong>(Hom.</strong></span> <span class='ocrx_word' id='word_1_122' title='bbox 1404 3364 1430 3404; x_wconf 85' lang='grc' dir='ltr'>ΙΙ.</span> <span class='ocrx_word' id='word_1_123' title='bbox 1446 3365 1499 3410; x_wconf 76' lang='lat' dir='ltr'>m,</span> <span class='ocrx_word' id='word_1_124' title='bbox 1512 3365 1581 3413; x_wconf 70' lang='grc' dir='ltr'><strong>86η.)</strong></span> 
     </span>
    </p>
   </div>
   <div class='ocr_carea' id='block_1_10' title="bbox 399 3441 1581 3752">
    <p class='ocr_par' dir='ltr' id='par_1_14' title="bbox 399 3441 1581 3752">
     <span class='ocr_line' id='line_1_29' title="bbox 399 3441 961 3524; baseline 0 -21"><span class='ocrx_word' id='word_1_125' title='bbox 399 3445 494 3524; x_wconf 82' lang='grc' dir='ltr'>Κῆρες</span> <span class='ocrx_word' id='word_1_126' title='bbox 515 3441 568 3524; x_wconf 90' lang='grc' dir='ltr'>γόιρ</span> <span class='ocrx_word' id='word_1_127' title='bbox 593 3446 660 3524; x_wconf 88' lang='grc' dir='ltr'>όίγον</span> <span class='ocrx_word' id='word_1_128' title='bbox 683 3445 805 3520; x_wconf 84' lang='grc' dir='ltr'>μέλανος</span> <span class='ocrx_word' id='word_1_129' title='bbox 828 3445 961 3504; x_wconf 84' lang='grc' dir='ltr'>θανάτοιο.</span> 
     </span>
     <span class='ocr_line' id='line_1_30' title="bbox 1359 3529 1581 3578; baseline 0.005 -9"><span class='ocrx_word' id='word_1_130' title='bbox 1359 3529 1431 3578; x_wconf 78' lang='lat' dir='ltr'><strong>(nom.</strong></span> <span class='ocrx_word' id='word_1_131' title='bbox 1447 3529 1473 3570; x_wconf 87' lang='lat'>11.</span> <span class='ocrx_word' id='word_1_132' title='bbox 1488 3529 1515 3576; x_wconf 78' lang='lat' dir='ltr'>ss.</span> <span class='ocrx_word' id='word_1_133' title='bbox 1529 3529 1581 3576; x_wconf 64' lang='grc' dir='ltr'>εει.)</span> 
     </span>
     <span class='ocr_line' id='line_1_31' title="bbox 399 3617 1225 3698; baseline 0.001 -21"><span class='ocrx_word' id='word_1_134' title='bbox 399 3619 491 3696; x_wconf 80' lang='grc' dir='ltr'>Μοῖρα</span> <span class='ocrx_word' id='word_1_135' title='bbox 515 3617 546 3676; x_wconf 89' lang='grc' dir='ltr'>δέ</span> <span class='ocrx_word' id='word_1_136' title='bbox 568 3639 607 3676; x_wconf 90' lang='grc' dir='ltr'>τοι</span> <span class='ocrx_word' id='word_1_137' title='bbox 630 3619 746 3693; x_wconf 88' lang='grc' dir='ltr'>θνητοῖσι</span> <span class='ocrx_word' id='word_1_138' title='bbox 768 3620 853 3677; x_wconf 78' lang='grc' dir='ltr'>κακόν</span> <span class='ocrx_word' id='word_1_139' title='bbox 877 3619 950 3698; x_wconf 85' lang='grc' dir='ltr'>φέρει</span> <span class='ocrx_word' id='word_1_140' title='bbox 973 3618 1023 3693; x_wconf 78' lang='grc' dir='ltr'>ἠδὲ</span> <span class='ocrx_word' id='word_1_141' title='bbox 1046 3618 1091 3678; x_wconf 89' lang='grc' dir='ltr'>καὶ</span> <span class='ocrx_word' id='word_1_142' title='bbox 1116 3619 1225 3679; x_wconf 86' lang='grc' dir='ltr'>ἐσθλόν.</span> 
     </span>
     <span class='ocr_line' id='line_1_32' title="bbox 1395 3703 1581 3752; baseline 0.005 -9"><span class='ocrx_word' id='word_1_143' title='bbox 1395 3703 1478 3752; x_wconf 74' lang='grc' dir='ltr'>(Βαίου,</span> <span class='ocrx_word' id='word_1_144' title='bbox 1494 3703 1527 3748; x_wconf 80' lang='lat' dir='ltr'>IV.</span> <span class='ocrx_word' id='word_1_145' title='bbox 1541 3703 1581 3752; x_wconf 70' lang='lat'>8³.)</span> 
     </span>
    </p>
   </div>
   <div class='ocr_carea' id='block_1_11' title="bbox 401 3757 983 3863">
    <p class='ocr_par' dir='ltr' id='par_1_15' title="bbox 401 3757 983 3863">
     <span class='ocr_line' id='line_1_33' title="bbox 401 3757 983 3863; baseline 0.003 -21"><span class='ocrx_word' id='word_1_146' title='bbox 401 3783 530 3862; x_wconf 89' lang='grc' dir='ltr'>Μοίραισι</span> <span class='ocrx_word' id='word_1_147' title='bbox 553 3783 577 3841; x_wconf 88' lang='grc' dir='ltr'>δ’</span> <span class='ocrx_word' id='word_1_148' title='bbox 589 3757 711 3843; x_wconf 84' lang='grc' dir='ltr'>όναλθέα</span> <span class='ocrx_word' id='word_1_149' title='bbox 733 3786 862 3863; x_wconf 79' lang='grc' dir='ltr'>φάρμακα</span> <span class='ocrx_word' id='word_1_150' title='bbox 884 3788 983 3844; x_wconf 75' lang='grc' dir='ltr'>πάντα.</span> 
     </span>
    </p>
   </div>
   <div class='ocr_carea' id='block_1_12' title="bbox 400 3867 1580 4456">
    <p class='ocr_par' dir='ltr' id='par_1_16' title="bbox 400 3867 1580 4456">
     <span class='ocr_line' id='line_1_34' title="bbox 1254 3867 1580 3918; baseline 0 -10"><span class='ocrx_word' id='word_1_151' title='bbox 1254 3867 1324 3918; x_wconf 75' lang='lat' dir='ltr'><strong>(Bion.</strong></span> <span class='ocrx_word' id='word_1_152' title='bbox 1338 3867 1397 3909; x_wconf 71' lang='grc' dir='ltr'>εισι).</span> <span class='ocrx_word' id='word_1_153' title='bbox 1413 3869 1459 3910; x_wconf 69' lang='grc' dir='ltr'>νισι.</span> <span class='ocrx_word' id='word_1_154' title='bbox 1473 3869 1490 3912; x_wconf 85' lang='grc' dir='ltr'>ι.</span> <span class='ocrx_word' id='word_1_155' title='bbox 1504 3868 1538 3915; x_wconf 89' lang='grc' dir='ltr'>νι,</span> <span class='ocrx_word' id='word_1_156' title='bbox 1552 3869 1580 3916; x_wconf 75' lang='grc' dir='ltr'>ι.)</span> 
     </span>
     <span class='ocr_line' id='line_1_35' title="bbox 400 3947 1213 4029; baseline 0 -23"><span class='ocrx_word' id='word_1_157' title='bbox 400 3949 506 4026; x_wconf 90' lang='grc' dir='ltr'>Μοῖραν</span> <span class='ocrx_word' id='word_1_158' title='bbox 529 3947 553 4006; x_wconf 84' lang='grc' dir='ltr'>δ’</span> <span class='ocrx_word' id='word_1_159' title='bbox 568 3947 655 4007; x_wconf 75' lang='grc' dir='ltr'>οὔτινά</span> <span class='ocrx_word' id='word_1_160' title='bbox 677 3969 744 4027; x_wconf 86' lang='grc' dir='ltr'>φημι</span> <span class='ocrx_word' id='word_1_161' title='bbox 766 3950 936 4028; x_wconf 83' lang='grc' dir='ltr'>πεφυγμένον</span> <span class='ocrx_word' id='word_1_162' title='bbox 960 3949 1075 4025; x_wconf 83' lang='grc' dir='ltr'>ἔμμεναι</span> <span class='ocrx_word' id='word_1_163' title='bbox 1099 3948 1213 4029; x_wconf 81' lang='grc' dir='ltr'>ἀνδρῶν,</span> 
     </span>
     <span class='ocr_line' id='line_1_36' title="bbox 401 4051 1248 4134; baseline 0.005 -24"><span class='ocrx_word' id='word_1_164' title='bbox 401 4051 431 4110; x_wconf 82' lang='grc' dir='ltr'>ου</span> <span class='ocrx_word' id='word_1_165' title='bbox 452 4053 547 4133; x_wconf 86' lang='grc' dir='ltr'>κακόν,</span> <span class='ocrx_word' id='word_1_166' title='bbox 573 4053 635 4112; x_wconf 81' lang='grc' dir='ltr'>ουδὲ</span> <span class='ocrx_word' id='word_1_167' title='bbox 659 4053 709 4127; x_wconf 84' lang='grc' dir='ltr'>μὲν</span> <span class='ocrx_word' id='word_1_168' title='bbox 734 4053 841 4134; x_wconf 83' lang='grc' dir='ltr'>ἐσθλόν,</span> <span class='ocrx_word' id='word_1_169' title='bbox 866 4053 933 4128; x_wconf 84' lang='grc' dir='ltr'>ἐπὴν</span> <span class='ocrx_word' id='word_1_170' title='bbox 955 4053 989 4112; x_wconf 80' lang='grc' dir='ltr'>τό</span> <span class='ocrx_word' id='word_1_171' title='bbox 1011 4060 1104 4131; x_wconf 83' lang='grc' dir='ltr'>πρῶτα</span> <span class='ocrx_word' id='word_1_172' title='bbox 1127 4057 1248 4130; x_wconf 81' lang='grc' dir='ltr'>γένηται.</span> 
     </span>
     <span class='ocr_line' id='line_1_37' title="bbox 964 4136 1580 4186; baseline 0.002 -11"><span class='ocrx_word' id='word_1_173' title='bbox 964 4149 968 4158; x_wconf 79' lang='grc'><strong>’</strong></span> <span class='ocrx_word' id='word_1_174' title='bbox 1303 4136 1372 4186; x_wconf 79' lang='lat' dir='ltr'>(Hom.</span> <span class='ocrx_word' id='word_1_175' title='bbox 1388 4137 1415 4177; x_wconf 89' lang='lat' dir='ltr'>ll.</span> <span class='ocrx_word' id='word_1_176' title='bbox 1430 4137 1466 4182; x_wconf 78' lang='lat' dir='ltr'>vl.</span> <span class='ocrx_word' id='word_1_177' title='bbox 1480 4140 1518 4178; x_wconf 72' lang='lat'>488</span> <span class='ocrx_word' id='word_1_178' title='bbox 1528 4137 1580 4186; x_wconf 71' lang='lat' dir='ltr'><strong>sqq.)</strong></span> 
     </span>
     <span class='ocr_line' id='line_1_38' title="bbox 402 4217 964 4297; baseline 0.004 -23"><span class='ocrx_word' id='word_1_179' title='bbox 402 4218 481 4292; x_wconf 84' lang='grc' dir='ltr'>Μόνη</span> <span class='ocrx_word' id='word_1_180' title='bbox 505 4217 558 4297; x_wconf 84' lang='grc' dir='ltr'>γὰρ</span> <span class='ocrx_word' id='word_1_181' title='bbox 582 4217 610 4276; x_wconf 86' lang='grc' dir='ltr'>ἐν</span> <span class='ocrx_word' id='word_1_182' title='bbox 633 4219 730 4276; x_wconf 87' lang='grc' dir='ltr'>θεοῖσιν</span> <span class='ocrx_word' id='word_1_183' title='bbox 753 4219 782 4277; x_wconf 85' lang='grc' dir='ltr'>οῐι</span> <span class='ocrx_word' id='word_1_184' title='bbox 806 4218 964 4288; x_wconf 80' lang='grc' dir='ltr'>δεσπόζεται</span> 
     </span>
     <span class='ocr_line' id='line_1_39' title="bbox 402 4317 1104 4402; baseline 0.007 -23"><span class='ocrx_word' id='word_1_185' title='bbox 402 4321 472 4402; x_wconf 84' lang='grc' dir='ltr'>μοῖρ’</span> <span class='ocrx_word' id='word_1_186' title='bbox 485 4321 541 4381; x_wconf 75' lang='grc' dir='ltr'>οὐδ’</span> <span class='ocrx_word' id='word_1_187' title='bbox 556 4322 584 4380; x_wconf 86' lang='grc' dir='ltr'>ἐν</span> <span class='ocrx_word' id='word_1_188' title='bbox 607 4317 793 4402; x_wconf 81' lang='grc' dir='ltr'>ἀνθρώποισιν,</span> <span class='ocrx_word' id='word_1_189' title='bbox 817 4321 884 4382; x_wconf 73' lang='grc' dir='ltr'>ἀλλ’</span> <span class='ocrx_word' id='word_1_190' title='bbox 897 4321 978 4398; x_wconf 69' lang='grc' dir='ltr'>αὐτῆς</span> <span class='ocrx_word' id='word_1_191' title='bbox 1001 4325 1104 4400; x_wconf 84' lang='grc' dir='ltr'>κρατεῖ.</span> 
     </span>
     <span class='ocr_line' id='line_1_40' title="bbox 1173 4405 1580 4456; baseline 0 -10"><span class='ocrx_word' id='word_1_192' title='bbox 1173 4405 1239 4456; x_wconf 77' lang='lat' dir='ltr'><strong>(Men.</strong></span> <span class='ocrx_word' id='word_1_193' title='bbox 1254 4405 1331 4447; x_wconf 72' lang='lat' dir='ltr'><strong>incon.</strong></span> <span class='ocrx_word' id='word_1_194' title='bbox 1346 4407 1405 4447; x_wconf 81' lang='lat' dir='ltr'>stob.</span> <span class='ocrx_word' id='word_1_195' title='bbox 1421 4407 1467 4447; x_wconf 84' lang='grc' dir='ltr'>ΕσΙ.</span> <span class='ocrx_word' id='word_1_196' title='bbox 1483 4407 1499 4448; x_wconf 84' lang='lat' dir='ltr'>l.</span> <span class='ocrx_word' id='word_1_197' title='bbox 1511 4406 1544 4452; x_wconf 83' lang='lat' dir='ltr'>vl.</span> <span class='ocrx_word' id='word_1_198' title='bbox 1554 4409 1580 4455; x_wconf 74' lang='grc' dir='ltr'>Β.)</span> 
     </span>
    </p>
   </div>
   <div class='ocr_carea' id='block_1_13' title="bbox 401 4493 1580 4632">
    <p class='ocr_par' dir='ltr' id='par_1_17' title="bbox 401 4493 1580 4632">
     <span class='ocr_line' id='line_1_41' title="bbox 401 4493 1260 4578; baseline 0.005 -24"><span class='ocrx_word' id='word_1_199' title='bbox 401 4497 531 4574; x_wconf 88' lang='grc' dir='ltr'>Μόρσιμα</span> <span class='ocrx_word' id='word_1_200' title='bbox 554 4495 578 4554; x_wconf 90' lang='grc' dir='ltr'>δ’</span> <span class='ocrx_word' id='word_1_201' title='bbox 591 4493 645 4554; x_wconf 83' lang='grc' dir='ltr'>οὔτι</span> <span class='ocrx_word' id='word_1_202' title='bbox 668 4498 759 4574; x_wconf 91' lang='grc' dir='ltr'>φυγεῖν</span> <span class='ocrx_word' id='word_1_203' title='bbox 782 4497 875 4570; x_wconf 83' lang='grc' dir='ltr'>θέμις’</span> <span class='ocrx_word' id='word_1_204' title='bbox 899 4498 929 4556; x_wconf 85' lang='grc' dir='ltr'>οῐι</span> <span class='ocrx_word' id='word_1_205' title='bbox 953 4497 1030 4578; x_wconf 80' lang='grc' dir='ltr'>σοφίᾳ</span> <span class='ocrx_word' id='word_1_206' title='bbox 1051 4517 1092 4568; x_wconf 83' lang='grc' dir='ltr'>τις</span> <span class='ocrx_word' id='word_1_207' title='bbox 1115 4496 1260 4558; x_wconf 84' lang='grc' dir='ltr'>ἀπώσεται.</span> 
     </span>
     <span class='ocr_line' id='line_1_42' title="bbox 1360 4581 1580 4632; baseline -0.009 -11"><span class='ocrx_word' id='word_1_208' title='bbox 1360 4581 1393 4632; x_wconf 83' lang='grc' dir='ltr'>(Ε.</span> <span class='ocrx_word' id='word_1_209' title='bbox 1409 4581 1580 4630; x_wconf 62' lang='grc' dir='ltr'>κατεσθίειν.)</span> 
     </span>
    </p>
   </div>
   <div class='ocr_carea' id='block_1_14' title="bbox 402 4652 1578 4788">
    <p class='ocr_par' dir='ltr' id='par_1_18' title="bbox 402 4652 1578 4788">
     <span class='ocr_line' id='line_1_43' title="bbox 402 4652 996 4734; baseline 0.003 -22"><span class='ocrx_word' id='word_1_210' title='bbox 402 4654 443 4712; x_wconf 82' lang='grc' dir='ltr'>Οδ</span> <span class='ocrx_word' id='word_1_211' title='bbox 464 4652 518 4732; x_wconf 81' lang='grc' dir='ltr'>γὰρ</span> <span class='ocrx_word' id='word_1_212' title='bbox 540 4655 593 4733; x_wconf 80' lang='grc' dir='ltr'>πρό</span> <span class='ocrx_word' id='word_1_213' title='bbox 615 4653 712 4734; x_wconf 87' lang='grc' dir='ltr'>μοίρας</span> <span class='ocrx_word' id='word_1_214' title='bbox 734 4654 752 4730; x_wconf 80' lang='grc' dir='ltr'>ἡ</span> <span class='ocrx_word' id='word_1_215' title='bbox 774 4654 842 4730; x_wconf 77' lang='grc' dir='ltr'>πίχη</span> <span class='ocrx_word' id='word_1_216' title='bbox 867 4653 996 4728; x_wconf 79' lang='grc' dir='ltr'>βιάζεται.</span> 
     </span>
     <span class='ocr_line' id='line_1_44' title="bbox 1226 4737 1578 4788; baseline -0.006 -10"><span class='ocrx_word' id='word_1_217' title='bbox 1226 4739 1257 4788; x_wconf 78' lang='lat' dir='ltr'>(s,</span> <span class='ocrx_word' id='word_1_218' title='bbox 1274 4738 1307 4779; x_wconf 72' lang='grc' dir='ltr'>ιι.</span> <span class='ocrx_word' id='word_1_219' title='bbox 1323 4737 1381 4778; x_wconf 73' lang='grc' dir='ltr'>εισι.</span> <span class='ocrx_word' id='word_1_220' title='bbox 1397 4737 1524 4784; x_wconf 78' lang='lat' dir='ltr'>Ee1.1.v1.</span> <span class='ocrx_word' id='word_1_221' title='bbox 1540 4737 1578 4786; x_wconf 72' lang='grc' dir='ltr'>ιο.)</span> 
     </span>
    </p>
   </div>
   <div class='ocr_carea' id='block_1_15' title="bbox 0 0 1754 5490">
    <p class='ocr_par' dir='ltr' id='par_1_19' title="bbox 0 0 1754 5490">
     <span class='ocr_line' id='line_1_45' title="bbox 0 0 1754 5490; baseline 0 0"><span class='ocrx_word' id='word_1_222' title='bbox 0 0 1754 5490; x_wconf 95' lang='lat' dir='ltr'> </span> 
     </span>
    </p>
   </div>
  </div>
 </body>
</html>
