3532 5500
665 530 905 594 ..201-

186 725 297 804 γἈνὴρ
319 727 446 802 γυναικός
467 724 619 799 λαμβάνων
642 723 809 800 συμβουλίαν

186 833 281 888 πεσεῖν
304 829 445 910 δεδοικὼς,
469 829 704 905 βαθλεται’πάλιν
726 831 827 890 πεσεῖν.

888 913 990 964 (Philon.
1005 913 1081 954 incon.
1096 911 1202 954 Heinoko.
1217 924 1238 954 v.
1253 911 1288 960 lv.
1303 923 1324 962 p.
1339 912 1383 962 59.)

187 1019 270 1068 *-*
283 1019 364 1100 Ἀνὴρ
387 1021 412 1080 δ’
421 1023 486 1082 όταν
507 1024 564 1093 τοῖς
587 985 664 1080 όνδον
687 1020 805 1098 άχθηται
828 1017 923 1100 ξυνών,

189 1122 245 1198 ἔξω
268 1127 363 1202 μολών
387 1126 487 1186 ἔπαυσε
509 1121 622 1206 καρδίαν
646 1127 724 1205 άσης,

187 1235 206 1305 ἢ
229 1233 297 1310 πρός
320 1231 397 1310 φιλον
419 1231 479 1310 τιν’,
503 1233 521 1305 ἡ
543 1231 610 1310 πρός
632 1229 734 1304 ἥλικας
755 1229 878 1310 τραπεὶς,

187 1339 254 1413 ἡμῖν
277 1337 302 1396 δ’
315 1337 423 1416 ἀνάγκη
446 1337 514 1416 πρός
537 1336 601 1410 μίαν
623 1336 714 1413 ψυχὴν
737 1334 862 1408 βλέπειν,

1131 1417 1167 1468 (υ.
1182 1417 1264 1466 κνοω,
1279 1420 1318 1458 ιιι
1327 1417 1384 1468 sqq.)

189 1495 367 1574 †'A7te'muo'
384 1495 478 1574 αυτὴν,
500 1495 559 1568 ἥτις
581 1489 669 1572 οίνδρα
691 1494 736 1552 τόν
758 1495 846 1572 πάρος

191 1601 307 1658 καινοῖσι
329 1599 455 1678 λέκτροις
478 1594 750 1672 ἀποβαλοῠσ’άλλον
772 1598 854 1676 φιλεῖ.

1153 1679 1188 1726 (Β.
1203 1679 1279 1722 θυοδ.
1294 1678 1384 1728 θῦνον-ν

189 1771 324 1848 **Ι“άμει
347 1771 379 1832 δὲ
401 1773 441 1850 μὴ
463 1773 513 1848 τὴν
535 1775 645 1852 προῖκα,
668 1773 716 1848 τὴν
731 1774 854 1850 ’γυναῖκα
876 1769 917 1831 δέ.

897 1873 964 1924 (δίου.
979 1873 1070 1914 noum.
1085 1873 1192 1920 Mainake,
1206 1885 1226 1913 v.
1241 1871 1277 1922 IV,
1292 1883 1313 1923 p.
1328 1873 1384 1922 ³⁴³.)

187 1984 275 2058 Γάμει
299 1982 332 2042 ἐκ
353 1988 407 2042 τῶν
428 1982 549 2058 ὁμοίων·
582 1986 615 2057 ἢν
642 1982 697 2062 γὰρ
721 1983 753 2040 ἐκ
774 1989 828 2042 τών
858 1983 1022 2062 νρειοσόνών
1075 2003 1151 2062 ,μῃς,
1184 1979 1317 2052 δεσπότας
1338 1978 1386 2038 καὶ

193 2088 224 2147 σὺ
246 2091 390 2166 συγγενεῖς
411 2091 509 2169 κτίσῃ·
1144 2168 1223 2221 (mne
1247 2167 1275 2210 οι
1298 2168 1309 2208 1
1331 2169 1385 2216 ιιει

189 2253 210 2312 Γ
213 2255 293 2328 αμεῖν
316 2254 347 2324 δς
370 2253 472 2330 ἐθέλει,
496 2254 527 2324 ἐς
549 2255 693 2327 μετάνοιαν
717 2254 837 2332 ἔρχεται.

887 2335 987 2386 (Philon.
1003 2335 1079 2378 ίινσοτί.
1095 2335 1213 2381 Μοίειοσὶο,
1229 2346 1249 2375 τ.
1260 2333 1295 2382 Ν,
1310 2345 1331 2385 p.
1341 2334 1386 2384 δν.)

191 2429 294 2503 Γαμεῖν
319 2431 465 2508 κεκρικότα
488 2426 584 2488 δεῖσε
607 2431 761 2506 γινώσκειν,
786 2431 826 2488 ότι

190 2533 302 2610 ἀγαθῶν
326 2529 461 2610 μεθέξεις,
485 2535 518 2591 ἂν
540 2531 634 2614 λάβῃς
656 2535 752 2612 μικρόν
775 2536 871 2594 κακόν.

1008 2617 1074 2666 (νισι.
1089 2615 1195 2663 nameka,
1209 2627 1229 2656 v.
1245 2613 1281 2664 ῐν,
1295 2626 1315 2665 p.
1330 2615 1387 2664 κιο.)

190 2695 280 2772 Γάμοι
302 2699 327 2757 δ’
340 2700 413 2769 όοοις
437 2698 487 2773 μὲν
510 2695 540 2758 εὖ
563 2699 709 2758 καθεστᾶσι
733 2699 836 2777 βροτῶν

191 2806 327 2882 μακάριος
350 2798 437 2862 αἰών·
462 2795 502 2875 οῖς
525 2803 556 2862 δὲ
580 2805 619 2878 μὴ
641 2802 779 2862 πίπτουσιν
802 2801 840 2884 εὖ,

192 2909 226 2967 τά
247 2909 271 2964 τ’
286 2907 363 2968 ἔνδον
387 2905 462 2986 εἰσίν,
485 2911 519 2967 τά
541 2930 572 2967 τε
594 2909 692 2987 θύραζε
717 2908 867 2986 δυστυχεῖς.

1148 2991 1182 3042 (Ε,
1197 2990 1267 3032 orest.
1282 2992 1387 3042 θθθιισιγ.)

191 3069 331 3150 **Γάρος
353 3075 494 3152 κράτιστός
517 3074 587 3133 ἐστιν
611 3072 687 3153 ἀνδρὶ
710 3077 834 3152 σώφρονι,

190 3180 289 3256 τρόπον
312 3181 440 3256 γυναικδς
462 3180 580 3259 χρηστόν
604 3178 682 3238 ἔνδον
705 3178 874 3253 λαμβάνειν·

192 3283 259 3358 αβτιγ
284 3283 338 3363 γὰρ
361 3285 379 3357 ἠ
402 3281 481 3363 προὶξ
504 3281 592 3343 οίκίαν
614 3285 696 3355 σώζει
719 3285 798 3358 μόνη.

191 3389 264 3458 ὅστις
287 3387 319 3446 δὲ
341 3394 478 3468 τρυρερώς
500 3387 548 3462 τὴν
570 3385 677 3466 γυναῖκ’
690 3389 752 3465 ἄγει
774 3385 882 3463 λαβὼν,

192 3494 322 3573 σὺνεργον
345 3485 424 3563 οίιτος
447 3490 504 3551 ἀντὶ
528 3491 671 3568 δεσποίνης
695 3493 754 3570 ἔχει

193 3595 295 3676 εὔνουν,
319 3596 435 3672 βεβαίαν
459 3594 498 3668 εἰς
521 3597 627 3656 ἅπαντα
649 3598 694 3657 τδν
718 3595 785 3672 βίον.

1039 3679 1168 3731 (nipponu,
1184 3680 1244 3720 θεοῖν,
1260 3679 1389 3730 Lxx11.⁵.)

193 3763 302 3838 Γάμους
324 3763 348 3821 δ’
362 3763 420 3822 όσοι
442 3762 583 3822 σπεύδουσι
605 3762 644 3840 μὴ
666 3765 872 3843 τετρωμένους,

192 3865 283 3943 μάτην
304 3871 445 3928 πονοῦσιν·
469 3869 486 3943 ἡ
510 3867 541 3926 δὲ
563 3865 602 3946 τῷ
624 3867 715 3948 χρεὼν
737 3869 814 3928 πόσει

192 3973 312 4048 μένουσα
334 3971 542 4043 κάσποίιδαστος
564 3969 650 4048 ἦλθεν
674 3970 714 4045 είς
737 3973 847 4048 δόμους.

1025 4057 1058 4108 (Ε.
1074 4057 1108 4099 Fr.
1124 4055 1240 4107 uelnnipp.
1250 4055 1320 4098 Vinct.
1335 4056 1389 4106 XV.)

196 4131 306 4206 Γάμους
331 4129 452 4201 εὺτελεῖς
474 4127 521 4188 καί
545 4126 679 4205 ἰσοτίμους
700 4133 786 4192 ποιοῦ.

1085 4212 1179 4264 (Chilon.
1196 4213 1255 4254 δῖοί).
1270 4213 1331 4262 Lxx.
1346 4215 1389 4264 15.)

192 4305 351 4382 γΓλώσσης
373 4324 404 4364 τε
427 4303 515 4384 σιγὴν,
538 4304 616 4379 όμμα
638 4305 662 4364 θ’
671 4306 773 4383 ἥσυχον
795 4307 872 4365 πόσει

192 4412 344 4489 παρεῖχον·
366 4408 443 4490 ᾔδειν
467 4407 491 4467 δ’
505 4407 559 4482 άμὲ
582 4415 653 4489 χρῆν
676 4414 752 4468 νικᾶν
773 4412 860 4490 πόσιν,

192 4513 274 4594 κείνῳ
296 4533 326 4573 τε
349 4513 426 4586 νίκην
449 4507 487 4572 ών
511 4511 540 4588 μ’
554 4511 639 4593 ἐχρῆν
661 4515 796 4594 παριέναι.

1144 4598 1177 4650 (Β.
1193 4597 1268 4639 Ττοιό.
1284 4599 1322 4638 649
1332 4597 1389 4648 sqq.)

193 4667 335 4752 †I'uvoetx¹t
358 4669 382 4728 δ’
395 4669 491 4748 ὄλβος,
514 4673 548 4745 ἣν
570 4672 647 4730 πόσιν
670 4672 808 4752 πέρῖῦνῗ
821 4672 884 4752 ἕλῃ·
1156 4755 1182 4805 ,Ε
1206 4753 1234 4794 rr
1256 4753 1325 4794 incon
1347 4754 1391 4802 ιι)
