3476 5490
888 517 1105 580 ..44-

639 757 835 826 calamitas
859 759 914 847 (ef.
937 760 1072 846 Miseria,
1096 729 1362 848 Malum,'N01a).

401 899 437 958 Αἱ
460 897 591 981 συμφοραὶ
614 899 788 961 συστέλλουσι
811 899 858 962 καὶ
879 906 983 963 ποιοῦσι
1005 905 1242 985 σωφρονεστέρους.

1297 987 1371 1039 (Ιευοτ.
1387 989 1445 1030 θεοί.
1457 992 1477 1030 8.
1492 987 1580 1039 Ατοθὶθ.)

405 1060 490 1138 Μέγα
512 1059 542 1119 τό
565 1059 594 1118 ἐν
617 1064 764 1142 συμρορῇστ
788 1063 892 1140 φρονεῖν
915 1063 933 1120 ά
955 1059 1006 1122 δεῖ.

1100 1145 1224 1195 (Democrit.
1240 1146 1301 1187 Sent.
1316 1145 1368 1187 Aur.
1383 1146 1443 1188 stob.
1458 1145 1530 1194 cvm.
1542 1147 1581 1195 68.)

403 1226 458 1284 Τον
481 1225 623 1286 σπουδαῖον
645 1224 730 1306 άνδρα
748 1227 872 1306 καθάπερ
887 1225 1042 1302 παλαιστὴν
1057 1226 1160 1306 άγαθδν
1176 1227 1218 1287 δεῖ
1239 1229 1306 1308 πρός
1328 1227 1378 1305 τὴν
1401 1228 1578 1306 ἀνταγωνιζο-

401 1332 487 1406 μένην
509 1330 593 1410 τύχην
616 1331 650 1391 τὰ
673 1331 744 1412 βάρη
768 1333 937 1411 μεταφέρειν.

1211 1414 1309 1468 (Ργιίικς.
1324 1415 1446 1468 Βοιιιορίιίί.
1461 1419 1492 1464 16,
1507 1417 1539 1458 Or.
1554 1416 1579 1466 L)

400 1487 470 1565 Φεῦ,
494 1493 552 1566 ρεῡ,
576 1487 695 1567 βρότεται
718 1490 852 1564 πημάτων
874 1489 935 1548 όσαι
956 1488 1036 1566 τόχαι

400 1593 460 1651 όσαι
482 1611 513 1651 τε
535 1590 648 1672 μορραί·
671 1593 760 1672 τέρμα
783 1591 806 1652 δ’
820 1593 869 1652 οθκ
892 1592 962 1653 εἴποι
983 1613 1024 1666 τις
1048 1593 1089 1656 άν.
1249 1651 1252 1658 .

1278 1679 1310 1728 (Ε.
1324 1679 1359 1720 Fr.
1374 1678 1473 1729 Antiope,
1486 1677 1579 1726 Hm]

503 1753 587 1809 Vide:
606 1757 730 1810 Μαόαάέοτ
748 1755 830 1810 Οὕτω.
849 1784 881 1795 -
901 1757 964 1809 Ρσασ
983 1754 1062 1806 Καλόν
1080 1754 1115 1808 δέ.
1134 1786 1166 1796 -
1189 1759 1348 1812 Potamia.-
1365 1757 1434 1809 Ἀλλ’
1446 1753 1479 1810 εδ.

915 1931 1077 2000 Calceus.

399 2073 479 2136 Ἀλλ’
492 2072 582 2148 οθδεὶς
604 2070 687 2156 σίδεν,
710 2076 777 2138 όπσυ
800 2095 836 2152 με
859 2073 950 2150 θλίβει
972 2074 1108 2152 ὑπόδημα.

767 2283 984 2369 Calamam,
1007 2305 1037 2350 v.
1061 2283 1219 2352 stimulus.

401 2473 408 2489 .
433 2471 441 2487 .
466 2475 473 2488 .
496 2429 567 2487 ὥστε
588 2427 719 2506 σύγγονον

400 2531 517 2610 βροτοῖσι
538 2531 583 2591 τόν
605 2533 722 2591 πεσόντα
743 2529 871 2591 λακτίσαι
892 2531 988 2591 πλέον.

726 2744 918 2813 calumnii}
939 2745 993 2832 (cf.
1017 2743 1255 2834 Sycophantia).

399 2885 515 2959 Αίνίζειν
538 2887 589 2963 μὲν
613 2889 733 2967 ἄριστον·
756 2889 771 2947 ό
792 2887 824 2948 δέ
847 2888 934 2967 ψόγος
957 2887 1054 2965 έχθεῦς
1077 2886 1160 2967 ἀρχή,

503 2991 579 3052 ἀλλὰ
601 2997 696 3066 κακῶς
720 2989 803 3053 εἰπεῖν
827 2992 946 3052 Ἀττικόν
971 2991 1025 3052 ἐστι
1048 2991 1123 3068 μέλι.

1272 3076 1363 3126 (Panna.
1378 3075 1467 3116 ιηιιοι.
1481 3074 1515 3124 τι,
1529 3071 1578 3118 σιτ.)

398 3159 493 3219 Δεινδν
516 3160 601 3220 κακόν
623 3159 641 3235 ἡ
665 3158 802 3241 διαβολία,
826 3157 885 3219 ἐπεὶ
909 3158 972 3218 οὐδὲ
990 3157 1106 3240 τιμωρία
1127 3159 1188 3218 κατ’
1201 3158 1283 3236 σίντης
1306 3159 1458 3238 γέγραπται
1482 3157 1509 3216 έν
1529 3155 1579 3223 τοῖς

397 3265 499 3340 νόμοις.

1307 3345 1406 3398 (Ηίρρίιε
1419 3359 1453 3398 ορ.
1469 3341 1578 3392 Plutarch.)

399 3469 406 3485 .
432 3470 439 3482 .
464 3467 471 3482 .
496 3419 626 3498 διαβολαὶ
649 3420 735 3480 δεινόν
759 3420 910 3500 ἀνθρώποις
932 3421 1033 3481 κακόν·

397 3525 542 3609 άγλωσσίᾳ
564 3527 595 3586 δέ
617 3526 756 3598 πολλάκις
778 3523 893 3606 ληφθεὶς
917 3525 986 3606 ἀνὴρ

398 3621 492 3692 δίκαιά
513 3627 609 3712 λέξας,
632 3625 715 3708 ἧσσον
739 3630 896 3710 εὐγλὼσσσυ
919 3631 1002 3712 φέρει.

1302 3715 1335 3764 (Β.
1351 3713 1386 3754 Fr.
1401 3713 1503 3755 Alexnnd.
1518 3710 1578 3759 nu.)

398 3797 539 3872 Διαβολάς
565 3797 596 3858 σθ
622 3801 727 3879 σῶφρον
755 3793 815 3857 οίτε
842 3795 937 3876 λέγειν
964 3797 1032 3875 πρός
1062 3791 1220 3879 ἀλλήλους,
1251 3794 1312 3856 οὔτε
1339 3795 1488 3870 ἀκούοντας
1514 3795 1578 3854 ἀπο-

398 3901 536 3981 δέχεσθαι.

1174 3983 1301 4037 (Thucydid.
1317 3986 1337 4032 ε,
1351 3987 1385 4035 ω,
1405 3985 1465 4028 εισι.
1479 3984 1540 4032 τιτι,
1553 3978 1579 4028 τι

398 4067 524 4146 Διαβολὴ
549 4069 604 4149 γάρ
628 4066 681 4128 ἐστι
709 4067 875 4128 δεινότατον·
908 4067 936 4126 ἐν
958 4072 991 4148 τῇ
1016 4066 1061 4127 δύο
1085 4069 1135 4142 μέν
1160 4063 1224 4126 εἰσιν
1248 4066 1272 4127 οἱ
1297 4065 1464 4146 ἀδικέοντες,
1494 4058 1530 4136 εἷς
1551 4060 1579 4121 δὲ

398 4174 412 4233 ό
441 4168 635 4249 ἀδικεόμενος·
659 4173 674 4231 ό
698 4172 747 4248 μέν
770 4172 824 4254 γὰρ
847 4171 1006 4246 διαβάλλων
1030 4171 1142 4254 ἀδικέει,
1166 4171 1196 4230 οθ
1218 4175 1367 4253 παρεόντος
1394 4172 1577 4252 κατηγορέων·

398 4277 412 4336 ό
436 4275 467 4336 δὲ
490 4276 579 4337 ἀδικεῖ
601 4277 814 4353 ἀναπειθόμενος
835 4275 896 4357 πρὶν
918 4280 936 4353 ῆ
959 4277 1096 4356 ἀτρεκέως
1120 4276 1236 4359 ἐκμάθῃ.
1276 4278 1291 4335 ό
1315 4275 1346 4336 δὲ
1370 4276 1404 4352 δὴ
1428 4277 1519 4336 ἀπεὼν
1538 4273 1578 4332 τοθ

397 4385 443 4442 τοῦ
466 4382 567 4463 λόγου,
587 4382 664 4442 ’τάδε
688 4381 716 4440 έν
740 4381 829 4452 αθτοίς
852 4381 1001 4462 ἀδικέεται,
1033 4375 1193 4456 διαβληθείς
1215 4401 1245 4440 τε
1267 4382 1317 4441 θπδ
1339 4385 1386 4443 τοῦ
1409 4383 1510 4462 ἑτέρου,
1537 4373 1578 4438 καὶ

399 4485 539 4564 νομισθείς
560 4487 631 4567 πρός
653 4489 699 4546 τοῦ
722 4487 814 4567 έτέρου
836 4486 925 4559 καλός
948 4480 1025 4546 εἶναι.

1250 4571 1361 4622 (Ποιοθοι.
1375 4569 1431 4612 Ηίει.
1447 4569 1494 4618 vn,
1510 4573 1539 4617 ιθ,
1552 4565 1579 4614 U
1643 4622 1644 4626 Ἰ

399 4641 524 4720 Διαβσλὴ
547 4642 600 4724 γὰρ
622 4643 707 4703 κακδν
731 4644 760 4704 τό
783 4640 909 4717 δξθιατον
931 4643 978 4704 καὶ
1006 4643 1226 4718 ἐπιβουλότατον.

1302 4727 1374 4779 (Dion.
1389 4727 1449 4768 stob.
1464 4727 1528 4777 XLII,
1542 4721 1577 4771 12.)
